1945 3384
370 320 437 366 M.
485 319 772 389 TULLLI
816 317 1273 366 CICERONIS.
1385 317 1466 377 159

214 445 511 504 conscriptis,
532 458 690 488 eorum
705 446 869 503 primo
890 443 940 487 in
959 437 1263 486 declarandis
1284 446 1470 483 tantum

210 515 324 560 libri
338 517 602 575 principiis
620 525 918 574 occupatur.-
948 513 1089 556 addit
1106 511 1281 562 etiam,
1312 508 1358 550 si
1377 521 1472 566 qua

213 589 264 630 in
289 589 447 631 eodem
472 585 703 631 volumine
720 600 725 604 ·
734 583 1056 641 praedicenda
1076 578 1240 639 fuisse
1265 591 1474 636 perpen-

210 657 315 700 dit.-
346 667 398 700 ut
422 657 480 699 ab
506 652 693 697 exordio
722 652 977 697 voluminis
1007 651 1315 707 Topicorum‚
1349 643 1477 707 quod

210 734 308 778 est,
338 725 530 778 Maiores
562 738 643 765 nos
674 724 744 764 res
780 721 976 763 scribere
1004 720 1254 775 ingressos,
1284 719 1466 762 Treba-

209 793 245 840 ti
262 823 275 845 ‚
308 806 452 847 usque
470 790 536 831 acl
556 801 664 830 eum
691 790 869 839 locum,
902 787 984 844 qui
1001 793 1075 829 est
1103 786 1182 842 [in
1210 785 1301 847 fine
1332 802 1369 828 c.
1392 789 1469 843 1.]

211 857 302 902 Sed
333 860 423 911 jam
456 867 630 913 tempus
660 866 725 898 est
751 854 807 898 ad
836 854 884 897 id
916 854 1039 914 qu'od
1064 855 1360 909 instituimus,
1391 873 1470 900 ac-

210 926 396 979 cedere,
409 927 568 982 primi
589 926 843 968 voluminis
862 925 1106 971 V'ictorini
1127 925 1357 983 expositio
1381 936 1475 970 ter-

209 998 433 1040 minetur.
495 995 706 1036 Secundo
740 988 974 1038 volumine
1014 997 1071 1038 de
1099 997 1363 1054 'judicandi
1400 1007 1473 1041 at-

211 1082 297 1124 que
322 1065 585 1108 inveniendi
620 1065 919 1123 Dialecticae
939 1065 1167 1121 partibus
1191 1075 1240 1108 et
1264 1066 1321 1108 de
1343 1068 1470 1109 loco--

206 1149 314 1177 rum
355 1126 496 1189 atque
537 1136 811 1188 argumenti
850 1126 1124 1189 definitione
1167 1132 1470 1189 per‘tractat:

209 1209 266 1244 ut
288 1201 346 1243 ab
372 1217 423 1243 eo
448 1202 544 1243 loco
576 1201 883 1257 Topicorum‚
931 1201 1014 1257 qui
1045 1208 1117 1241 est
1147 1199 1219 1254 [c.
1238 1199 1314 1254 2.]
1361 1200 1473 1242 Cum

208 1269 347 1312 omnis
373 1269 484 1309 ratio
523 1267 711 1323 diligens
745 1267 995 1311 disserendi
1027 1267 1136 1309 duas
1172 1267 1335 1309 habeat
1357 1284 1472 1328 par-

210 1351 301 1393 tes,
332 1354 463 1380 unam
495 1335 788 1390 inveniendi,
820 1335 1002 1379 alteram
1031 1335 1294 1390 judicandi,
1327 1353 1475 1393 usque

208 1409 272 1450 ad
299 1422 406 1449 eum
430 1407 607 1461 locum,
653 1408 735 1464 qui
769 1415 842 1448 est
874 1405 956 1462 [in
983 1404 1131 1448 medio
1170 1421 1209 1447 c.
1233 1406 1316 1461 2.]
1375 1407 1473 1448 Ita-

210 1494 297 1534 que
327 1477 434 1519 licet
464 1477 655 1520 definire
695 1476 869 1530 locum,
900 1493 992 1519 esse
1026 1478 1273 1531 argumenti
1306 1474 1472 1516 sedem.

209 1547 535 1600 Argumentum
577 1558 721 1588 autem
754 1547 1004 1602 rationem,
1050 1559 1160 1603 quae
1197 1545 1265 1587 rei
1312 1543 1475 1586 dubiae

205 1613 341 1656 'faciat
362 1612 525 1666 fidem,
556 1616 880 1657 secundi'libri
912 1616 1369 1657 Commentariorum
1393 1630 1476 1656 ex-

201 1681 420 1737 planatio
457 1683 705 1725 subsistat.
770 1682 1108 1738 Tertiusvero
1144 1689 1288 1740 atque
1327 1698 1476 1740 quar-

211 1757 318 1800 tus,
346 1751 678 1796 discretionem
713 1753 920 1796 locorum
951 1754 1077 1795 inter
1113 1769 1188 1805 se,
1230 1767 1478 1810 eorumque

212 1818 417 1872 exempla
463 1814 824 1879 multiformiter
862 1815 1256 1877 persequuntur.-
1296 1825 1369 1865 ita
1395 1830 1399 1834 ’
1422 1833 1479 1866 ut

212 1885 385 1928 tertius
412 1888 598 1943 quidem
633 1889 855 1931 Tulliana
893 1889 986 1930 sibi
1015 1890 1069 1930 de
1100 1890 1206 1942 jure
1234 1901 1480 1946 proponat

213 1956 450 2011 exempla.-
484 1965 684 2012 quartus
717 1973 827 2000 vero
860 1959 1045 2001 eosdem
1081 1960 1200 2001 locos
1217 1974 1313 2015 per
1352 1960 1476 2003 alias

212 2039 377 2067 rursus
414 2024 749 2067 similitudines
787 2038 1046 2082 monstret,
1077 2044 1134 2070 ex
1170 2028 1379 2084 Virgilio
1411 2031 1485 2079 vel

147 2126 151 2129 .
205 2093 436 2135 Terentio
472 2093 662 2150 poe‘tis:
705 2097 997 2152 oratoribus,
1033 2098 1251 2141 Cicerone
1289 2106 1337 2140 et
1375 2097 1476 2141 Ca*-

216 2169 319 2204 tone
335 2180 362 2203 .·-
382 2171 436 2204 ut
471 2162 593 2219 quod
617 2163 896 2220 praeceptis
929 2168 1222 2219 ostenditur,
1253 2168 1478 2223 exemplis

208 2233 514 2285 collucescat,
543 2247 687 2290 neque
724 2234 862 2281 abeo
897 2237 993 2279 loco
1027 2237 1109 2294 qui
1138 2244 1211 2278 est
1247 2236 1295 2277 in
1334 2236 1479 2292 Topi-

220 2301 289 2341 cis
319 2303 400 2356 [in
428 2299 576 2345 medio
606 2317 644 2344 c.
664 2303 739 2358 2.]
800 2303 890 2346 Sed
921 2320 974 2347 ex
1006 2304 1075 2346 his
1107 2302 1214 2346 loeis
1234 2335 1247 2357 ,
1277 2305 1326 2346 in
1355 2306 1477 2364 ,qui-

220 2366 304 2408 bus
353 2383 608 2424 argumenta
659 2372 830 2414 inclusa
876 2383 980 2417 sunt
998 2404 1012 2425 ‚
1070 2375 1305 2432 expositio
1352 2391 1477 2433 pro-

217 2449 407 2491 gressa,
444 2456 549 2484 eum
590 2442 887 2485 transcendit
926 2445 1104 2500 locum,
1149 2448 1231 2504 ‘qui
1270 2456 1343 2489 est
1387 2445 1476 2502 [ad

225 2502 362 2545 finem
401 2519 439 2547 c.
467 2500 542 2582 4.]
598 2510 754 2555 Valeat
795 2513 1018 2569 aequitas,
1061 2529 1177 2574 quae
1209 2514 1391 2573 paribus
1424 2514 1474 2554 in

222 2565 367 2614 causis
383 2573 508 2631 palia
545 2576 644 2631 jura
679 2581 919 2628 desiderat.
987 2585 1179 2639 Quanta
1216 2599 1325 2628 vero
1340 2595 1478 2638 pars

1413 2669 1480 2695 re-
