1945 3384
448 274 514 320 M.
561 273 847 321 TULLu
892 268 1358 315 CICERONIS.
1449 271 1528 314 182

269 398 436 453 fidem,
470 396 666 441 secundi
687 395 802 440 libri
826 392 1278 439 Commentariorum
1303 389 1530 451 explana-

190 517 200 525 ,
268 470 336 514 tio
386 468 630 514 subsistat·
704 467 897 511 Tertius
943 474 1054 510 ve'ro
1108 473 1253 522 atque
1297 465 1498 519 quartus
1519 483 1535 507 ν

267 541 598 584 discretionem
622 529 829 583 locorum
853 537 980 579 inter
1000 548 1047 576 se
1060 542 1083 585 ’,,
1106 546 1352 590 eorumque
1374 540 1531 571 exem-

260 596 348 666 pla
395 606 749 664 multiformiter
783 605 1171 663 persequuntur.-
1222 602 1294 645 ita
1330 606 1388 643 ut
1426 604 1529 640 ter-

271 678 371 722 tius
409 678 600 735 quidem
642 677 866 720 Tulliana
909 670 1005 713 sibi
1045 670 1102 711 de
1134 670 1253 728 jure
1287 671 1530 725 proponat

267 747 505 800 exemplae
537 753 739 801 quartus
779 736 892 785 vero
927 739 1111 783 eosdem
1136 739 1257 781 locos
1284 751 1379 795 Per
1406 736 1530 781 alias

268 801 437 855 rursus
466 812 807 856 similitudines
851 816 1108 863 monstret,
1137 822 1193 851 ex
1221 804 1428 863 Virgilio
1455 805 1537 851 vel

269 882 491 926 Terentio
521 885 714 939 poetis:
756 881 1053 930 oratoribus,
1090 878 1312 923 Cicerone
1352 885 1402 920 et
1433 876 1535 919 Ga-

271 960 409 994 tone=
439 959 496 994 ut
519 953 645 1009 quod
654 999 657 1002 Δ
666 951 948 1010 praeceptis
986 948 1282 1003 ostenditur,
1313 947 1537 1003 exemplis

266 1023 572 1074 collucescat,
600 1036 744 1078 neque
772 1022 832 1066 ab
865 1037 917 1065 eo
941 1022 1038 1064 loco
1069 1020 1154 1078 qui
1186 1023 1263 1061 est
1290 1019 1342 1061 in
1380 1018 1535 1074 Topi-

271 1090 343 1133 cis
383 1089 463 1146 [in
496 1086 646 1131 medio
687 1103 726 1132 c.
748 1089 824 1146 20]
873 1088 1055 1133 'Sedex
1084 1088 1153 1130 his
1179 1087 1316 1142 loeis,
1345 1089 1395 1131 in
1424 1088 1537 1147 qui'-

275 1159 360 1201 hus
399 1168 659 1216 argumenta
687 1158 859 1203 inclusa
887 1168 1021 1213 sunt,
1051 1159 1281 1214 expositio
1307 1172 1540 1214 progres-

273 1243 358 1282 sa,
385 1242 493 1270 eum
518 1227 817 1270 transcendit
840 1228 1019 1283 locum,
1051 1226 1138 1286 qui
1168 1236 1245 1272 est
1281 1226 1374 1285 [ad
1404 1226 1544 1271 finem
1608 1240 1612 1243 ⁴

276 1313 316 1342 c.
338 1294 415 1354 ι4.]
472 1296 630 1343 Valeat
665 1299 865 1356 aequitas
883 1329 896 1352 ,
939 1314 1056 1356 quae
1088 1296 1272 1356 paribus
1311 1296 1360 1338 in
1398 1296 1541 1342 ,causis

272 1366 402 1425 paria
424 1367 524 1423 jura
549 1366 793 1413 desiderat.
856 1368 1177 1423 Quantaoero
1197 1381 1323 1425 pars
1358 1366 1541 1424 reliqua

280 1438 563 1493 Topioorum
610 1440 678 1482 sit
699 1469 713 1492 ,
756 1438 913 1494 ipsius
960 1439 1213 1482 voluminis
1262 1435 1541 1492 magnitudo

277 1503 601 1560 demonstrat,
641 1524 784 1567 quam
815 1508 1097 1555 Victorinus
1124 1523 1272 1567 neque
1305 1508 1542 1562 attingit,

278 1588 424 1631 neque
465 1576 706 1633 attingere
744 1578 989 1632 potuisset
1030 1581 1103 1621 ita
1153 1579 1289 1621 rebus
1338 1575 1547 1618 minimis

280 1643 560 1687 immoratus
577 1676 591 1698 ‚
626 1646 725 1689 nisi
761 1660 879 1702 opus
911 1645 1063 1689 multa
1097 1644 1323 1689 librorum
1345 1645 1550 1701 plurali-

279 1718 381 1753 tate
409 1711 717 1755 distenderet.
769 1714 876 1756 Nos
895 1729 1000 1756 vero
1028 1722 1077 1757 et
1097 1715 1219 1767 hanc
1249 1716 1406 1771 ipsam
1425 1729 1545 1771 par-

276 1778 472 1821 ticulam
490 1809 503 1831 ,
535 1794 676 1836 quam
712 1780 989 1825 Victor-inus
1019 1783 1222 1838 attigit,
1255 1785 1543 1840 diligenter,

277 1845 337 1890 'ut
360 1863 640 1905 possumus,
670 1847 1039 1905 aggrediamur.-
1069 1858 1117 1893 et
1146 1851 1332 1909 longius
1363 1854 1546 1909 exposi-

281 1916 407 1960 tione
429 1920 708 1976 progressi,
740 1934 847 1963 cum
881 1919 1170 1976 Topicorum
1199 1920 1422 1966 habemus
1434 1922 1542 1981 fine

281 1990 586 2042 consistere.’'

352 2056 621 2101 Boethianus
664 2057 1021 2103 Commentarius
1067 2072 1143 2100 sex
1189 2056 1329 2102 libros
1375 2062 1541 2116 habet,

278 2127 363 2184 *qui
401 2127 560 2184 singuli
593 2129 988 2174 Ciceronianorum
1023 2126 1298 2184 Topicorum
1335 2128 1542 2173 volumen

283 2194 413 2239 facile
449 2197 748 2254 magnitudine
779 2207 984 2257 aequant.

338 2263 395 2305 In
429 2264 549 2309 libro
576 2266 721 2324 primo
762 2266 972 2309 Boethius
1012 2264 1072 2309 de
1112 2266 1312 2323 Topicae
1351 2268 1545 2312 faculta-

286 2332 341 2374 tis
368 2333 541 2378 ratione
566 2348 830 2394 pertractat,
866 2347 1103 2395 postquam
1123 2339 1433 2393 prodemium,
1460 2356 1548 2398 quo

285 2399 342 2450 ad
393 2402 656 2448 Trebatium
702 2403 880 2448 Tullius*
918 2405 1085 2459 utitur,
1129 2408 1284 2465 paucis
1328 2410 1543 2462 absolvit3

286 2471 516 2545 procurrit
556 2471 632 2517 hie
678 2476 798 2522 liber
844 2492 985 2538 usque
1027 2477 1085 2520 ad
1125 2477 1275 2525 locum
1294 2510 1307 2534 ,
1360 2478 1436 2538 qui
1482 2489 1551 2522 est

993 2549 1028 2593 Z
1059 2550 1085 2595 3
1326 2582 1330 2585 »
1421 2546 1487 2603 (e.
1509 2562 1551 2602 2,
