1945 3384
406 253 486 300 188
573 250 705 299 car.
732 251 815 297 1x.
871 252 950 297 na
991 255 1205 316 ANTIQ.
1248 251 1529 304 mazara.

408 375 632 425 mmt-
663 369 754 431 [Ῑι.
773 372 846 416 IL*
887 385 1050 420 eontra
1090 377 1327 436 Rufinum
1360 376 1565 435 p0497.]
1607 402 1664 417 —2

411 446 632 503 Denique
667 449 718 484 et
747 442 1035 499 praedic-tua
1075 446 1316 492 Asconius
1352 449 1472 497 alios
1508 449 1664 492 inter-

400 522 571 574 proteo
592 511 727 557 haud
749 511 859 557 'raro
888 514 1075 559 indicat
1097 520 1364 562 orationum
1395 518 1661 572 Ciceronis,

407 582 504 642 [ad
537 579 701 628 Divin.
745 583 797 628 in
837 584 975 631 Verr.
994 585 1085 630 IV.
1110 586 1230 631 VII.
1254 589 1320 632 X.
1340 588 1436 633 XI.
1473 589 1590 633 Act.
1621 588 1664 631 I'.

407 671 449 701 c.
476 654 531 701 V
525 655 567 700 I·
588 656 644 701 V
636 656 739 698 III.
775 655 883 697 Lib.
899 654 971 698 II.
1000 655 1051 699 in
1072 662 1301 718 argum.].
1341 660 1438 703 Sed
1458 661 1584 704 enim
1606 675 1663 703 ea

405 734 581 771 cuneta
613 725 810 782 ..scripta
840 725 1148 782 perierunt.”
1206 729 1447 790 Hucusque
1485 731 1632 788 Maius
1647 749 1662 777 z

408 808 545 856 quem
581 792 860 856 testimonia,
892 811 1005 853 quae
1040 813 1127 857 pro
1156 814 1232 840 sua
1271 800 1484 856 opinione
1506 801 1634 844 affert
1650 832 1664 855 ‚

406 880 504 915 non
529 862 701 921 ubique
743 864 847 906 satis
887 862 1127 918 diligenter
1161 866 1404 910 excussisse
1438 879 1660 922 putamus.

406 937 477 979 De
493 932 675 989 singulis
697 929 1014 990 peculiariter,
1045 945 1133 989 pro
1157 934 1407 993 argumenti
1434 935 1663 991 gravitate,

406 1019 569 1066 operae
601 1001 800 1081 pretium
847 1012 914 1045 est
954 1001 1200 1062 disputare.
1228 999 1233 1003 ’
1270 1006 1476 1048 Dicemus
1512 1006 1663 1062 itaque

405 1076 612 1136 primum
646 1070 704 1115 de
751 1068 908 1113 Tullio
952 1070 1084 1132 ipso,
1125 1084 1221 1118 tum
1256 1068 1314 1118 de
1359 1075 1533 1134 Capro,
1578 1073 1667 1133 (de

405 1141 618 1202 Vulcatio
648 1139 769 1183 enim
811 1155 946 1197 supra
984 1142 1075 1196 jam
1109 1144 1343 1200 vidimus)
1376 1144 1574 1202 deniqne
1607 1143 1665 1186 de

401 1198 738 1268 interpretibus
769 1216 871 1252 ante
905 1207 1166 1285 Asconium.

977 1354 1019 1421 §-
1077 1369 1119 1413 7·

807 1492 1083 1537 Tullius
1120 1496 1275 1554 ‚ipse

478 1564 836 1621 interpres
883 1564 1282 1619 orationum
1326 1578 1598 1607 suarum.

461 1701 533 1745 M.
563 1699 742 1744 Tullius
777 1703 937 1749 Cicero
961 1704 1041 1746 ubi
1076 1718 1100 1744 a
1130 1702 1255 1757 Majo
1282 1699 1549 1760 perhibetur
1574 1715 1672 1742 suas

405 1773 502 1833 ipse
545 1770 782 1828 Orationes
828 1769 1010 1828 scriptis
1061 1768 1399 1813 Commentariis
1446 1767 1669 1811 illustras-

406 1856 483 1894 se,
529 1853 687 1884 vereor
728 1854 787 1882 ne
836 1854 965 1896 sagax
1014 1853 1232 1882 novarum
1258 1853 1429 1881 >rerum
1467 1849 1671 1896 repertor

405 1910 654 1964 erraverit,
696 1909 768 1953 vel
809 1909 926 1953 adeo'
953 1908 1144 1953 ‘videtur
1193 1925 1286 1952 non
1333 1909 1436 1952 satis
1481 1908 1673 1965 cogitas-

405 1994 455 2025 se
503 1976 655 2038 quales
693 1977 802 2021 libri
820 1979 823 1983 ’
841 1977 1128 2034 intelligendi
1183 1978 1274 2021 sint
1322 1976 1389 2020 illi
1408 1969 1411 1973 ’
1429 1978 1673 2024 commen-
1751 1983 1753 1986 ⁴

407 2047 512 2091 tarii
534 2079 548 2102 ,
600 2061 794 2105 quorum
849 2047 1125 2090 mentionem
1184 2047 1356 2091 faciunt
1414 2041 1633 2090 Asconius
1656 2075 1670 2098 ‚

408 2112 716 2174 Quintilianus
756 2127 803 2160 et
836 2116 1072 2161 Diomedes
1091 2148 1106 2172 ‚
1137 2132 1248 2177 quos
1283 2108 1359 2159 ille
1400 2127 1531 2159 testes
1565 2114 1699 2156 hui-es

406 2186 476 2229 rei
517 2184 656 2228 fidem
691 2184 838 2230 facere
882 2186 1131 2236 contendit.
1210 2188 1279 2230 In.
1303 2185 1490 2231 Asconii
1527 2186 1671 2239 enim,

412 2266 460 2300 et
484 2254 755 2313 Quintiliani
779 2258 1070 2312 testimoniis,
1093 2258 1193 2300 mea
1220 2256 1404 2317 quidem
1427 2254 1643 2297 sententia
1658 2285 1671 2307 ‚

411 2321 518 2370 ιἰοιιΙ
535 2323 609 2367 alii
633 2324 740 2368 libri
776 2325 1112 2382 significantur,
1145 2343 1282 2387 quam
1311 2326 1460 2384 quales
1485 2343 1508 2369 a
1533 2325 1672 2368 Cice-

411 2410 526 2443 rone
553 2393 717 2439 confici
740 2394 971 2450 solebant,
994 2407 1237 2455 antequam
1260 2395 1504 2440 orationem
1523 2395 1672 2436 habe-

414 2473 510 2518 ret,
540 2462 598 2507 ad
640 2477 794 2515 causae
833 2465 1174 2525 dispositionem
1205 2474 1249 2508 et
1281 2466 1558 2517 memoriam,
1596 2463 1675 2521 qui

413 2550 564 2591 rerum
598 2549 787 2579 summas
821 2544 866 2577 et
890 2534 1135 2593 praecipua
1165 2534 1451 2578 accusationis
1488 2531 1558 2577 vel
1588 2529 1673 2571 de-

1566 2597 1669 2640 sen-r
