1945 3384
480 236 583 303 ’ΜΤ
614 255 904 303 TULLu
950 250 1418 302 mennon-rs.
1502 252 1584 323 >219

334 374 543 424 sensionis
578 381 723 440 capita
742 377 1186 440 complectebantur.
1247 376 1409 421 Cicero
1435 379 1580 436 onim,

331 461 380 493 ut
410 459 563 493 notum
586 460 692 502 est,
712 451 928 494 orationes
948 461 1046 492 suas
1073 464 1166 492 non
1189 446 1245 492 de
1268 449 1441 508 scripto
1463 462 1578 507 pro·-

315 520 542 562 -nunciare
565 519 754 572 solebat,
779 518 1155 562 sed-Graecorum
1171 518 1449 574 potissimum
1466 520 1581 575 Οτι-

327 598 477 633 torum.
513 586 878 634 consuetudinem
917 596 1095 631 secutus
1136 595 1202 627 est
1217 615 1231 639 ‚
1277 589 1356 647 qui
1393 587 1580 649 quidem

323 660 565 716 praecipua
601 658 745 716 capita
781 661 822 702 ἐν
863 659 1031 705 τύποις.
1083 653 1149 696 uti
1190 653 1257 696 illi
1291 653 1539 713 loquuntur
1556 687 1574 713 ,

323 725 394 766 vel
415 729 457 769 ἐν
479 727 742 777 §mmmmm-1
767 734 924 767 notare
937 751 956 777 ‚
985 733 1079 765 tum
1097 727 1147 775 ‘et'
1166 723 1414 768 orationum
1433 726 1574 770 Exor-

321 791 606 849 diascriptis
644 792 904 848 consignare
939 790 1175 844 solebant,-
1221 792 1440 850 reliquam
1469 812 1575 841 vero

319 862 561 906 orationem
614 878 668 905 ex
721 859 920 918 tei’npore
965 858 1339 921 pronuntiabant.
1422 864 1541 908 Hinc
1559 896 1575 920 ‚

319 928 441 990 quod
483 946 575 974 non
617 945 719 974 raro
758 929 948 984 accidit,
988 929 1025 972 si
1065 943 1178 988 quae
1217 930 1473 990 orationes,
1512 936 1571 978 ad

317 1015 425 1057 quas
470 999 724 1042 habendas*
754 1011 948 1043 oratores
998 1000 1241 1058 praecipua
1284 1002 1379 1056 jam
1420 1004 1569 1060 capita

312 1076 598 1120 notaverant,
628 1067 718 1111 sive
749 1078 938 1127 propter
966 1067 1242 1127 reipublicae
1270 1079 1441 1113 motum
1474 1070 1567 1116 sive

311 1149 500 1195 propter
528 1138 733 1191 comitia,
759 1137 808 1178 in
838 1135 1013 1192 longius
1040 1148 1218 1193 tempus
1245 1135 1563 1196 differrentur,

307 1207 377 1252 vel
401 1206 534 1269 plane
559 1222 651 1250 non
681 1206 978 1260 haberentur,
1008 1205 1091 1249 hae
1122 1203 1392 1255 dicebantur
1424 1209 1467 1254 ἐν
1492 1211 1565 1256 nfi-

307 1296 394 1328 ποις
421 1277 489 1321 vel
519 1281 560 1322 ἐν
584 1279 844 1331 ὑπομνήμασι
871 1273 1229 1331 καταλελεῖφθαι,
1260 1275 1559 1332 quemadmo-

308 1345 416 1389 dum
450 1344 582 1389 docte
622 1343 836 1406 explicuit
874 1341 1093 1403 Taylorus
1126 1342 1183 1387 ad
1211 1343 1557 1390 Demosthenem

305 1417 353 1457 in
382 1415 614 1475 Apparatu
641 1414 796 1458 Reisk.
821 1414 977 1460 voh-1.
1005 1431 1053 1473 p.
1073 1416 1153 1459 551
1193 1425 1238 1457 et
1264 1417 1362 1460 561.
1392 1416 1554 1460 citatus

304 1484 358 1526 ab
395 1483 656 1539 Heinrichio
682 1485 715 1541 l.
746 1484 779 1529 l.
820 1501 866 1545 p.
889 1486 953 1530 14.
1011 1481 1078 1527 <In
1107 1482 1367 1540 hujusmodi
1403 1495 1552 1529 autem·

303 1552 663 1608 Commentariis,
696 1554 830 1597 facile
844 1586 858 1608 ‚
893 1565 946 1596 ut
980 1554 1166 1612 opinor,
1198 1551 1413 1595 fatebitur
1441 1546 1552 1597 Ma·-

299 1623 394 1678 jus,
431 1623 649 1666 orationes
675 1623 792 1681 ipsas
821 1637 913 1665 non
941 1620 1075 1664 fuisse
1107 1620 1375 1675 illustratas,
1400 1637 1552 1681 quan-

295 1689 541 1747 doquidem
579 1691 663 1734 hae
706 1691 909 1735 nondum
938 1692 1159 1749 scriptae,
1201 1685 1371 1733 nedum
1406 1689 1553 1734 editae

291 1768 450 1801 essent.

349 1828 409 1871 Et
444 1827 551 1873 tales
578 1829 717 1874 libros
745 1829 988 1887 significari
1017 1829 1072 1871 ab
1103 1826 1326 1881 Asconio,
1354 1821 1546 1890 quisque

291 1896 376 1940 sibi
397 1896 524 1940 facile
545 1900 806 1957 persuaderi
828 1900 1024 1958 patietur
1037 1931 1053 1951 ‚
1077 1896 1156 1956 qui
1183 1897 1371 1940 Asconii
1393 1898 1543 1944 locum

290 1965 424 2024 paulo
455 1966 711 2022 diligentius
739 1970 907 2014 intueri
933 1966 1058 2013 velit.
1111 1966 1386 2011 Memoratur
1421 1965 1542 2014 enim

288 2035 339 2076 in
367 2036 451 2078 isto
483 2038 665 2079 Asconii
704 2037 874 2080 scholio
905 2036 962 2080 ad
994 2039 1126 2088 Orat„
1149 2036 1199 2078 in
1235 2048 1335 2092 toga
1370 2033 1537 2080 candi-

288 2101 345 2146 da
386 2121 433 2164 p.
469 2106 560 2151 145.
616 2105 888 2160 Fenestellae
927 2106 1111 2164 opinio,
1142 2108 1221 2166 qui
1257 2106 1535 2149 existimabat

287 2174 524 2217 Catilinam
552 2192 576 2218 a
603 2177 669 2218 M.
698 2174 915 2217 Cicerone
943 2174 1175 2220 defensum
1202 2175 1362 2229 fuisse,
1393 2190 1536 2234 quum

283 2240 370 2282 hic·
393 2244 625 2302 Torquato
660 2255 705 2288 et
738 2245 885 2297 Cotta!
908 2245 1031 2296 Coss,
1059 2260 1114 2288 ex
1143 2244 1300 2288 Africa
1330 2259 1534 2289 reversus

284 2325 308 2350 a
338 2309 390 2352 P.
420 2311 579 2358 Clodio
607 2310 885 2358 adolescente
912 2312 1267 2374 repetundarum.
1304 2322 1532 2358 accusatus

282 2388 419 2431 esset:
462 2381 585 2436 quod
624 2382 859 2426 addubitat
890 2381 1141 2437 Asconius,
1173 2384 1443 2438 argumentis
1475 2397 1530 2425 ex·

277 2443 361 2486 hac
396 2446 496 2503 ipsa
535 2462 690 2500 contra
733 2452 981 2498 Antonium
1017 2461 1062 2495 et
1106 2449 1344 2495 Catilinam
1378 2449 1528 2493 habita

277 2515 473 2559 oratione
502 2515 675 2573 ‹luctis3
715 2535 941 2579 postremo
964 2523 1074 2567 haec
1095 2521 1250 2565 addit:
1308 2519 1524 2572 „Prae-
1563 2555 1569 2562 .

931 2590 971 2633 A
991 2606 1013 2631 a
1043 2592 1069 2633 5
1423 2597 1524 2632 ter-
