1945 3384
565 271 629 327 M.
676 283 962 331 TULLII
1006 281 1469 329 C1cERoN1s.
1561 270 1640 345 11'9

378 401 520 469 fatuit
560 433 593 458 „
604 403 681 448 Ex
698 405 1022 466 omnibusqui
1047 405 1399 451 Commentario
1422 405 1476 448 in
1494 402 1635 448 libros

366 472 642 517 'Ciceronis‘
661 474 985 530 seripserunt,
1009 489 1244 535 nusquam
1268 491 1376 521 non.
1392 474 1637 519 celebran-

380 550 463 588 tur
506 541 773 604 ‹lectissirm’>
809 554 867 583 ac
908 541 1268 597 diligentissimi
1307 531 1401 589 «tuo
1418 573 1433 597 ,
1475 542 1643 586 Asca·->

378 612 488 655 nius
509 610 788 655 Paedianus
818 615 870 655 et
893 608 1018 653 Fa&
1047 610 1104 656 V
1096 611 1343 657 ictorinus.
1380 612 1478 656 Sed
1502 612 1640 673 Pae-¹

378 680 554 733 dianus
581 689 639 723 ut
661 687 821 722 aetate
840 680 1015 736 prior,
1041 678 1116 724 ita
1156 679 1373 724 doctrina
1406 682 1644 737 superior,-

384 749 660 804 Scripserat
685 747 877 805 quidem
896 748 941 793 is
968 747 1349 806 elegantissimas
1370 764 1428 791 ac
1454 752 1643 796 doctis—

381 818 529 862 simas
555 817 881 866 enarrationes
904 818 955 863 in
979 817 1219 862 orationes
1242 816 1427 876 aliquot
1455 822 1523 864 M.
1554 823 1644 866 Ci-

310 879 324 897 ⁶
377 887 589 941 neronis,
618 886 788 945 quibus
820 889 971 932 multa
1008 887 1240 933 Veterum
1271 887 1502 934 instituta
1529 906 1646 934 nos-

380 957 474 1001 tris
503 958 671 1015 ignota
695 956 981 1013 temporibus
1008 957 1333 1014 pulcherrime
1365 974 1425 1002 ac
1458 960 1642 1003 doetis-

382 1023 499 1067 sime
518 1023 891 1082 explicabantur.
948 1024 1283 1070 Adnotaverat
1306 1034 1357 1072 et
1387 1029 1538 1072 multa
1574 1028 1644 1072 ad

383 1094 560 1139 latinae
618 1097 812 1151 linguae
854 1097 1207 1151 proprietatem
1246 1096 1544 1151 pertinentia
1563 1126 1579 1149 ,
1619 1112 1647 1141 e

381 1162 553 1218 quibus
590 1161 813 1208 nonnulbz
848 1163 997 1208 etiam
1034 1164 1087 1207 in
1118 1161 1264 1206 libros
1301 1156 1650 1219 elegantiarum

380 1229 675 1281 Laurentius
707 1231 1019 1287 transtulisse
1057 1230 1392 1276 existimatur:
1430 1235 1646 1277 utinam-

381 1316 470 1357 que
504 1316 595 1343 non
631 1299 959 1343 transtulisset
987 1300 1150 1353 modo,
1191 1300 1278 1343 sed
1311 1303 1470 1344 omnia
1501 1304 1652 1346 etiam
1705 1318 1716 1331 ·

383 1383 489 1411 cum
510 1368 799 1425 pulvisculo,
828 1377 883 1411 ut
912 1368 1121 1421 dicitur,
1153 1370 1491 1414 converrisset!
1535 1371 1648 1414 Ne-

384 1452 472 1493 que
504 1438 630 1480 enim
671 1436 1052 1481 eruditissimum
1082 1451 1202 1493 opus
1221 1467 1235 1489 ,
1264 1436 1402 1493 eujus
1436 1438 1650 1483 umbram

383 1504 460 1545 vix
483 1503 641 1546 adhuc
668 1508 904 1556 tenemus,
931 1511 1095 1549 nostra
1136 1503 1254 1546 haee
1285 1511 1421 1546 aetas
1459 1505 1647 1548 deside-

386 1573 567 1617 raret-'⁹
622 1571 887 1616 Franciscus
912 1568 1161 1614 Asculanus
1193 1572 1245 1613 in
1272 1571 1423 1616 Praef.
1451 1575 1529 1616 ed.
1560 1573 1647 1618 Al-

380 1641 518 1700 dinae
539 1658 586 1685 na.
608 1641 850 1686 Mnxxu.
909 1641 1086 1693 „Fuit
1108 1640 1349 1687 Asconius
1373 1650 1429 1684 ut
1460 1658 1652 1685 suorum

383 1718 645 1771 temporum
682 1709 1039 1752 eruditissimus
1057 1737 1073 1761 ‚
1103 1709 1175 1751 ita
1206 1702 1355 1753 totius
1388 1712 1652 1767 antiquita-

381 1778 449 1820 tis
467 1807 481 1829 ,
526 1784 576 1818 et
629 1776 871 1819 Ciceronis
912 1776 1206 1830 praesertim
1253 1776 1647 1821 studiosissimus.

381 1845 548 1904 Atque
572 1847 759 1889 utinam
777 1845 843 1887 ad
864 1860 946 1889 nos
970 1845 1156 1900 integer
1175 1844 1423 1901 pervenire
1446 1848 1647 1901 potuis-

385 1920 495 1958 set!
524 1922 580 1958 ut
612 1928 732 1971 quae
775 1915 824 1957 in
861 1914 983 1970 ipsis
1021 1914 1315 1962 orationibus
1345 1916 1652 1972 perlegendis

346 1980 348 1983 ⁴
385 1982 569 2040 aliquid
610 1982 730 2026 lucis
775 1986 1018 2042 requirere
1062 1981 1289 2026 videntur
1305 2012 1318 2035 ‚
1363 1981 1421 2024 ab
1466 1982 1652 2042 homine

387 2051 655 2095 doctissimo
683 2051 1073 2107 illustrarentur,
1104 2061 1152 2096 et
1184 2066 1275 2094 non
1302 2065 1333 2092 a
1371 2049 1652 2105 quibusdam

388 2122 565 2182 nostris
596 2120 854 2165 hominibus
901 2123 1083 2167 insulsa
1128 2118 1359 2179 quaedam
1397 2117 1444 2160 in
1478 2132 1560 2161 eas
1603 2127 1652 2163 et

383 2193 598 2247 puerilia
627 2179 1078 2236 conscriberentur-N
1123 2192 1316 2232 Joannes
1346 2186 1573 2231 Lodoicus
1601 2189 1650 2230 in

389 2261 533 2306 Praef.
563 2261 637 2307 ed.
661 2254 904 2307 Parisiacae
923 2277 961 2304 a.
978 2254 1303 2304 MDXXXV1.'
1328 2288 1359 2312 ‚‚
1381 2258 1440 2301 H
1438 2274 1523 2302 aec
1545 2259 1647 2306 As÷

392 2330 520 2371 conii
541 2331 825 2390 fragmenta
846 2364 859 2388 ,
903 2330 1118 2390 quamvis
1155 2330 1331 2386 exigua
1376 2339 1425 2373 et
1461 2333 1613 2375 lacera
1633 2362 1647 2383 ,

392 2410 512 2453 quae
537 2400 667 2444 nobis
695 2405 875 2463 reliqua
901 2411 1087 2447 tantum
1112 2415 1167 2442 ex
1189 2397 1448 2457 naufragio
1478 2414 1648 2455 super—

393 2472 505 2509 “Wt
519 2495 533 2519 2
562 2468 746 2517 abunde
775 2482 824 2517 et
838 2473 981 2531 plane
1000 2502 1017 2528 ‚
1039 2470 1174 2529 ‚quod
1198 2470 1362 2528 ajunt,
1394 2471 1565 2520 leonem
1592 2482 1650 2510 ex

1566 2556 1649 2582 un-
