1945 3384
499 262 552 307 P.
596 259 924 324 SEMPRoNn
962 255 1334 305 Assstmoms.
1448 262 1527 305 us

276 379 345 443 pit
385 394 529 427 autem
573 379 740 428 bellum
775 382 1098 439 Numantinum
1138 397 1177 423 a.
1221 379 1280 422 U.
1318 379 1416 424 614.
1462 379 1523 437 Q.

273 452 458 497 Servilio
507 453 732 511 Caepione
767 463 813 495 et
844 454 896 496 C.
941 447 1093 495 Laelio
1144 448 1355 511 Sapiente
1404 446 1528 491 Coss.

272 520 538 583 finitumque
571 531 638 576 est
682 536 724 561 a·
750 521 809 561 U.
837 522 936 562 621.
974 519 1028 559 Ρ.
1056 519 1211 561 Mucio
1241 517 1451 563 Scaevola
1483 529 1530 561 et

271 591 326 636 L.
359 591 609 652 Calpurnio
639 587 800 631 Pisone
837 584 973 640 Frugi
1007 583 1132 627 Coss
1177 586 1301 640 cujus
1340 587 1527 646 quidem

270 661 385 708 belli
407 661 594 723 historia
623 673 765 715 quum
793 672 820 698 a
853 650 1144 714 Sempronio,
1175 662 1286 695 teste
1323 654 1525 710 oculato,

273 729 547 793 conscripta.
549 727 640 781 sit,
668 725 799 770 facile
825 733 1041 790 apparet,
1073 722 1221 783 ipsum
1254 732 1300 765 et
1329 720 1427 776 his,
1459 734 1529 779 et,

273 813 386 857 quae
424 796 534 838 haec
568 796 772 856 proxime
807 796 1051 851 attigerunt
1068 822 1083 848 ,
1130 791 1406 854 temporibus
1437 793 1528 835 flo-

188 872 204 887 ⁹
269 866 423 910 ruisse.
453 864 566 908 Hic
552 875 705 923 itaque
726 864 909 921 Asellio,
933 880 1044 909 num
1058 880 1083 908 e
1105 863 1345 909 Veteribus
1367 877 1530 922 quem·

271 949 406 992 quam
428 933 647 977 Hlstorlae
671 948 774 977 Suae
789 934 1096 992 interpretem
1118 943 1276 975 nactus
1299 934 1379 987 Sit,
1409 947 1535 991 eqlll·

276 1000 379 1058 dem
413 1001 631 1083 suspicari
650 1032 664 1056 ,
708 1016 842 1060 quam
885 1000 1084 1047 absolute
1125 1000 1400 1046 contendere
1432 1016 1531 1048 ma-

269 1055 366 1113 lim.

482 1186 888 1267 Flavius
982 1160 1395 1288 Cap-er..

347 1359 505 1406 Omnis
559 1356 637 1400 illa
693 1356 887 1415 suspicio
910 1387 925 1412 ,
979 1371 1070 1416 qua
1115 1359 1315 1418 Caprum
1354 1360 1555 1421 quidem‘

274 1431 582 1505 pronuntiem
601 1426 747 1468 videri
784 1427 1149 1487 interpretatum
1169 1444 1263 1472 esse
1300 1428 1536 1473 Asellionis

250 1500 476 1560 scripta,
505 1496 642 1538 unico
673 1488 833 1536 nititur
863 1493 1056 1539 Charisii
1086 1495 1292 1541 indicio:
1325 1497 1432 1556 qui,
1460 1508 1536 1542 et·-

278 1569 314 1611 si
336 1582 428 1610 non
456 1563 621 1607 diserte
648 1564 779 1606 istam
802 1578 898 1606 rem
922 1577 1268 1620 commemoret,
1292 1566 1428 1623 hujus
1463 1578 1536 1611 ta-

276 1652 382 1680 men
409 1649 571 1678 nomen
598 1630 763 1675 alicubi
787 1629 845 1673 ad
878 1629 1117 1678 Asellionis
1138 1633 1289 1681 locum
1317 1635 1381 1681 sic
1410 1637 1538 1692 exci-

275 1717 367 1758 tat,
398 1715 447 1746 ut
481 1700 589 1744 inde
626 1698 849 1757 quaedam
882 1703 1078 1762 suspicio
1106 1706 1290 1748 oriatur.
1350 1705 1543 1751 Charisii

273 1773 398 1817 locusx
419 1771 496 1814 hic
525 1779 619 1822 est,
647 1784 695 1828 p.
723 1771 820 1825 176.
851 1772 920 1815 24.
967 1803 999 1826 ,,
1024 1771 1325 1830 Artzficiose.
1354 1776 1538 1822 Asellio

277 1844 461 1886 Rerum
505 1840 834 1883 Romanarum
887 1841 1297 1900 Quadrageeimoe
1370 1865 1393 1893 α
1423 1849 1545 1893 Tam

270 1909 527 1966 pulchrum
579 1922 697 1965 opus
716 1936 732 1960 ,
780 1915 971 1967 tamque
1015 1909 1282 1969 artificiose
1313 1915 1510 1974 sactum
1529 1951 1544 1974 ,

269 1993 447 2036 passus
487 1984 557 2019 est
597 1977 781 2019 dirui.''
841 1979 924 2023 ubi
967 1981 1044 2025 Fl.
1098 1980 1286 2039 Caper,
1325 1989 1544 2043 quamvis

280 2046 592 2105 artzficiosius
622 2047 721 2090 dici
755 2062 848 2091 non
878 2059 1075 2106 posset,
1106 2059 1162 2095 ut
1202 2054 1542 2097 nudie-iosias?

279 2115 510 2184 Nescimus
543 2127 687 2159 autem
727 2109 918 2160 Charisii
949 2133 1148 2173 morem,
1195 2122 1273 2178 qui
1310 2121 1373 2164 sic
1406 2122 1546 2166 soleat

281 2176 497 2244 usurpare
527 2185 727 2233 voculam
749 2203 779 2229 u
793 2186 853 2230 b
833 2203 850 2228 ι
870 2217 883 2238 ,
915 2186 1290 2244 quemadmodum
1313 2188 1547 2236 docuimus

283 2265 416 2308 supla
467 2269 515 2310 p-
546 2258 616 2300 60.
675 2255 765 2301 Sed
806 2267 904 2309 est,
945 2257 1164 2313 inquam,
1208 2258 1419 2317 suspicio.
1486 2261 1548 2304 Et

285 2317 497 2376 equidem
524 2322 609 2375 alia
645 2325 891 2368 testimonia
923 2322 1198 2382 desiderem,
1231 2341 1352 2386 quae.
1371 2326 1548 2388 plenius

286 2405 381 2432 rem
406 2390 534 2434 istam
567 2396 876 2454 comprobent.
917 2393 921 2397 ⁴
