1945 3384
503 304 1061 361 SALL-UsT-II.
1327 310 1410 357 205

154 441 204 487 εἰ*
224 446 233 451 “
259 438 501 486 Statilius·
534 437 773 482 Maximus
793 464 808 489 ‚
852 428 1040 476 laudati
1088 442 1120 470 a
1176 425 1410 472 Charisia.

155 513 253 557 Sed
291 513 463 556 horum·
489 505 825 554 commentarii
850 501 998 545 Jzodie
1028 496 1415 548 desiderantur.”

150 582 445 642 neutroque
475 569 772 639 peculiariter.
789 574 1005 620 Veterum
1041 565 1289 612 testimonia
1326 580 1411 610 ex*-

149 665 380 730 ponemus.
880 719 887 726 .

711 758 755 811 5.
814 767 853 798 ι.

317 894 734 967 Aemilius
800 891 1091 987 Asper.
1145 904 1239 962 (*)

156 1100 173 1104 ..
204 1061 382 1119 Asperi-
409 1071 579 1102 nomen·
608 1071 744 1114 supra
784 1057 874 1111 jam
916 1055 1255 1100 memoravimus
1274 1086 1288 1110 ‚
1329 1056 1411 1102 ubi

147 1128 399 1187 expositum
442 1136 508 1168 est
548 1126 607 1169 de
645 1126 904 1169 Scholiastis
948 1124 1184 1174 Terentii,
1227 1135 1272 1168 et
1311 1140 1415 1169 mox

150 1210 330 1255 quoque
360 1193 699 1237 memorandum
724 1193 837 1243 erit,
868 1194 947 1236 ubi
976 1192 1033 1235 de
1067 1192 1245 1247 Virgilii
1276 1194 1415 1238 Scho-

145 1264 286 1307 liastis
319 1278 507 1319 agemus.
564 1264 618 1306 In
659 1260 853 1318 singulos
897 1264 1016 1304 enim
1047 1262 1145 1305 illos
1182 1272 1413 1320 auctores,

146 1331 196 1378 id
219 1343 285 1375 est
299 1363 312 1384 ,
343 1332 606 1376 Terentium
620 1347 643 1386 ‚⁷
665 1330 922 1374 Sallustium
954 1342 998 1374 et
1022 1331 1260 1388 Virgilium
1281 1334 1416 1378 Com.

145 1403 350 1453 mentarii
366 1434 379 1456 ‚
401 1402 563 1461 Asperi
582 1400 762 1443 nomine
787 1392 961 1459 passim
977 1414 1293 1446 memorantur.
1325 1404 1415 1447 Ex·

147 1484 234 1527 stat
268 1484 499 1533 praeterea
533 1471 823 1528 in‚Putschii
856 1472 1273 1517 Grammaticorum-
1305 1477 1416 1520 Cor-

146 1557 257 1600 pore
285 1558 331 1600 p.
356 1546 526 1600 1725-
542 1546 666 1603 1756.
695 1541 900 1599 libellus,
933 1545 996 1598 ita
1017 1545 1294 1604 inscriptus:
1316 1547 1416 1593 As-

146 1617 255 1670 peri
283 1613 500 1661 ,sanioris
525 1613 643 1655 Ara.
682 1614 911 1656 ,Dubitari
940 1614 1081 1671 possit
1100 1613 1297 1656 an.haec
1320 1630 1417 1658 om-

148 1684 223 1725 nia
251 1696 387 1738 opera
423 1680 479 1722 ab
508 1677 597 1723 uno
620 1673 796 1739 Aspero
825 1684 1081 1741 conscripta
1104 1672 1194 1725 si'nt
1213 1714 1225 1736 ,
1255 1700 1312 1726 an
1341 1700 1419 1729 ve·-

146 1767 199 1795 10
234 1749 385 1807 plures
420 1748 589 1790 fuerint
621 1751 821 1800 eiusdem
862 1754 1054 1798 nominis
1089 1753 1189 1795 viri.
1256 1755 1414 1798 Fabri-

149 1822 240 1866 cius
266 1821 314 1862 in
339 1819 451 1863 Hist.
480 1817 597 1861 Bibl.
627 1819 679 1861 P·
700 1820 854 1881 111.-p.
875 1813 973 1878 496}
1005 1834 1247 1878 praeeunte
1269 1825 1413 1870 Frisio
1447 1841 1449 1843 ’

149 1894 198 1934 in
222 1892 344 1949 Epit.
373 1889 589 1934 Biblioth.
621 1889 809 1946 Gesner.
839 1907 887 1949 p.
913 1892 983 1935 85.
1027 1891 1238 1947 opinatur
1270 1895 1414 1953 Aspe-

150 1976 251 2005 rum
273 1960 526 2012 Juniorem,
556 1956 604 2002 id
629 1968 724 2011 est,
751 1968 977 2001 auctorem
1001 1959 1151 2014 Artis,
1182 1962 1414 2020 scripsisse

145 2032 192 2074 in
239 2029 534 2080 Terentium,
574 2042 764 2084 eumque
808 2027 1171 2083 distinguendum
1214 2044 1305 2073 esse
1353 2033 1410 2074 ab

147 2098 334 2143 Aemilio
371 2097 570 2155 Aspero,
602 2094 776 2152 Virgilii
806 2099 1070 2158 interprete.
1127 2097 1191 2139 Ea
1224 2098 1417 2143 distinc-

152 2169 240 2221 tio,
271 2168 353 2209 etsi
377 2182 460 2224 per
492 2179 537 2207 se
561 2163 676 2206 forte
706 2179 797 2206 non
831 2165 1159 2222 improbanda,
1190 2168 1414 2215 immerito

151 2245 285 2277 tacet>
311 2233 368 2276 de
406 2226 901 2292 Sallustii'interprete.
965 2234 1056 2277 Nos
1101 2244 1249 2278 tamen
1286 2237 1412 2282 vide.

1312 2325 1415 2354 mur

197 2419 263 2468 (*)
295 2418 327 2456 A
343 2419 509 2458 Charisio
528 2423 665 2473 ubique
679 2423 754 2462 'As-
797 2433 882 2460 rum
916 2423 1079 2462 variatur
1110 2423 1147 2460 in
1189 2426 1409 2466 declinando

146 2484 215 2530 per
241 2484 417 2517 venatui-2
441 2483 595 2519 Aemilii
619 2494 755 2520 nomen
781 2480 950 2518 ⁴nomine
969 2494 981 2517 ε
1015 2496 1036 2519 a
1073 2481 1248 2521 Putschio
1287 2484 1406 2521 editur

149 2536 349 2587 reperitur>
369 2538 470 2587 apud
486 2545 490 2549 “
505 2540 670 2579 Probum
709 2543 758 2581 ad
803 2541 940 2590 Asper-i
950 2569 962 2587 ‚
1002 2541 1045 2578 iu
1076 2541 1288 2591 Hieronymi
1325 2542 1405 2582 edi-

150 2596 279 2646 Virgil.
302 2596 426 2646 Eclog.
440 2597 507 2638 VI.
533 2603 591 2639 δι.
626 2601 759 2639 Caete·
804 2599 965 2635 tionibus
994 2607 1049 2637 est
1077 2603 1197 2649 Aspri.

838 2660 872 2702 C
893 2675 915 2702 c
948 2663 972 2706 5

1908 1729 1919 1914 ἒ
