1945 3384
379 256 460 300 156
503 309 507 313 .
548 257 682 303 CAP.
714 260 796 305 tx.
855 262 932 305 DE
962 261 1178 320 ANTIQ.
1218 261 1507 313 INTERPRs

376 377 529 421 etiam
549 379 603 422 ob
626 381 813 436 insigne
827 384 1081 439 praeclari
1098 384 1388 441 magisterii,
1421 382 1547 440 quod
1567 384 1642 426 ci-

377 463 463 490 ves
497 449 639 504 hujus
668 450 839 493 mundi
862 452 1085 495 eximium
1110 462 1318 510 putant,
1348 461 1563 496 statuam
1594 456 1644 498 in

378 518 594 560 Romano
619 517 737 574 fbro
768 532 1012 567 meruerat
1052 534 1102 568 et
1138 524 1441 581 acceperat.'’
1501 524 1560 567 Et
1588 524 1646 585 de

378 590 521 630 statua
564 592 790 635 consentit
824 593 1083 653 Hieronym.
1132 593 1181 635 in
1226 591 1455 637 Chronico
1497 594 1554 637 ad
1601 610 1640 639 a.

373 659 473 703 555.
503 658 585 701 ubi
627 659 721 703 aits
771 692 804 715 ‚,
837 663 1116 707 Victorinus
1154 664 1342 708 Rhetor
1391 674 1440 709 et
1473 666 1646 710 Dona-

376 737 456 772 tus
501 728 859 773 Grammaticus
893 746 1048 782 meus,
1091 733 1272 774 Romae
1308 733 1520 791 insignes
1553 736 1646 778 Iza-

375 797 576 851 beatur,
608 813 632 840 e
659 798 827 856 quibus
859 801 1141 846 Victorinus
1178 804 1327 846 etiam
1360 814 1574 850 statuam
1598 805 1650 848 in

362 867 482 926 soro
511 869 558 912 T
556 883 717 924 rujam
742 871 951 912 meruit?

449 934 627 992 Quodsi
675 934 827 993 itaque
875 937 986 983 haec
1022 939 1284 998 Hieronymi
1322 948 1369 981 et
1411 940 1649 997 Augustini

376 1003 633 1050 testimonia
667 1003 717 1046 in
744 1004 1055 1062 Victorinum,
1085 1009 1350 1053 Rhetoricae
1389 1010 1672 1069 Expositio-.

376 1077 447 1137 nis
490 1084 754 1128 auctorem,
796 1075 992 1133 cadant,
1034 1094 1127 1122 non
1171 1078 1310 1121 dubia
1352 1093 1422 1121 res
1465 1078 1553 1121 erit
1594 1077 1651 1120 de

377 1145 522 1203 ipsius
555 1144 701 1201 patria
737 1157 785 1188 et
822 1145 1051 1201 religione.
1108 1147 1259 1190 Patria
1306 1146 1489 1204 quidem
1530 1157 1652 1188 certe

383 1215 471 1258 fuit
492 1214 669 1266 Africa,
698 1213 779 1255 sed
800 1230 892 1256 non
915 1214 1106 1258 dubium
1124 1227 1214 1268 est,
1241 1216 1353 1276 quin
1378 1227 1531 1272 postea
1549 1217 1646 1259 Ro-

379 1301 500 1330 mam
533 1282 814 1338 migraverit,
843 1283 1002 1344 ibique
1035 1287 1247 1343 juvenes,
1276 1285 1347 1331 vel
1371 1285 1650 1344 potissimum

377 1353 678 1400 nobilissimos
695 1383 710 1407 ‚
750 1351 1041 1398 Rhetoricam
1083 1355 1301 1401 docuerit.
1368 1356 1552 1400 Praeter
1586 1369 1657 1396 ar-

376 1434 618 1481 gumenta,
651 1437 766 1482 quae
787 1424 872 1468 hac
895 1426 944 1468 in
968 1441 1018 1469 re
1042 1426 1132 1482 jam
1159 1426 1349 1469 excitata
1372 1433 1477 1468 s'unt
1495 1456 1509 1479 ,
1539 1422 1655 1468 valet

379 1496 512 1538 etiam
549 1495 851 1538 testimonium
881 1494 1188 1555 Simpliciani,
1220 1494 1300 1552 qui
1327 1493 1449 1553 apud
1485 1494 1657 1546 Augus-

381 1564 466 1606 tin.
499 1561 703 1605 Confess.
732 1565 787 1605 L.
806 1562 931 1606 VIII.
964 1578 1003 1605 c.
1025 1577 1066 1605 2.
1109 1571 1323 1614 testatur,
1351 1576 1396 1603 se
1414 1593 1427 1615 ‚
1472 1563 1655 1604 Romae

380 1648 491 1675 cum
523 1638 677 1681 esset,
694 1631 1084 1687 familiarissime
1126 1629 1431 1673 Victorinum
1459 1629 1654 1673 novisse.

440 1696 579 1758 Quod
616 1696 673 1740 ad
708 1698 971 1755 religionem
1001 1699 1187 1752 attinet,
1218 1713 1274 1740 ex
1304 1699 1554 1756 Augustino
1588 1714 1656 1741 sa·

382 1773 438 1815 tis
460 1774 613 1830 aperte
641 1767 886 1824 docemur,
917 1771 1066 1828 ipsum
1092 1767 1226 1809 fuisse
1256 1781 1506 1824 paganum,
1537 1782 1652 1823 gen-

379 1840 564 1898 tilisque
594 1840 924 1895 superstitionis
966 1848 1260 1890 sectatorem,
1302 1846 1376 1888 et,
1406 1835 1453 1877 in
1486 1851 1649 1879 senec-

380 1920 477 1952 tute
513 1906 695 1950 demum
725 1906 783 1949 ad
817 1922 966 1951 veram
1006 1906 1147 1950 fidem
1178 1904 1470 1965 conversum,
1503 1905 1656 1949 Chris-

380 1979 528 2022 tianae
573 1975 780 2032 religioni
830 1975 1007 2020 dedisse
1051 1992 1232 2020 nomen.
1310 1976 1469 2019 Faceta
1516 1976 1654 2036 ipsius

382 2047 604 2093 confessio
632 2057 679 2091 et
708 2046 936 2090 familiaris
967 2047 1051 2090 hac
1082 2045 1138 2090 de
1166 2062 1216 2090 re
1250 2046 1554 2090 confabulatio
1577 2059 1652 2087 ex-

376 2119 567 2180 ponitur
613 2115 735 2177 apud
779 2115 1017 2173 Augustin.
1060 2118 1261 2164 Confess.
1301 2118 1356 2161 L.
1375 2115 1500 2159 Vm.
1542 2128 1581 2156 c.
1607 2127 1648 2158 2.

381 2221 414 2244 „
442 2187 658 2245 Legebat
681 2189 993 2242 Victorinus,
1023 2188 1151 2231 sicut
1173 2187 1248 2230 ait
1277 2183 1646 2241 Simplicianus,
1697 2245 1699 2247 ‚

382 2266 601 2302 sanctam
621 2258 942 2312 scripturam,
972 2273 1221 2315 omnesque
1251 2255 1548 2298 Christianus
1572 2256 1644 2297 'li-

378 2336 514 2371 teras
541 2325 857 2383 investigabat
892 2328 1243 2371 studiosissime
1282 2330 1333 2365 et
1357 2330 1646 2385 perscruta-

377 2396 556 2449 Batur3
587 2403 636 2437 et
658 2395 846 2441 dicebat
888 2399 1199 2455 Simpliciano
1232 2401 1320 2438 non
1339 2394 1534 2451 palam,
1565 2394 1651 2437 sed

377 2465 612 2510 secretius
641 2472 690 2508 et
707 2464 1011 2522 familiarius
1055 2484 1079 2511 «
1101 2465 1302 2509 Noveris
1330 2478 1401 2507 me
1415 2464 1527 2524 jam
1548 2477 1649 2507 esse

376 2537 706 2584 Christianum
721 2537 752 2558 ''
789 2546 839 2583 et
874 2535 1186 2595 respondebat
1222 2537 1319 2590 ille,
1346 2554 1370 2583 «
1392 2534 1505 2582 Non
1537 2547 1645 2595 cre-f

1534 2602 1645 2646 dam
