<?xml version="1.0" encoding="UTF-8"?>
<!DOCTYPE html PUBLIC "-//W3C//DTD XHTML 1.0 Transitional//EN"
    "http://www.w3.org/TR/xhtml1/DTD/xhtml1-transitional.dtd">
<html xmlns="http://www.w3.org/1999/xhtml" xml:lang="en" lang="en">
 <head>
  <title>
</title>
<meta http-equiv="Content-Type" content="text/html;charset=utf-8" />
  <meta name='ocr-system' content='tesseract 3.04.00' />
  <meta name='ocr-capabilities' content='ocr_page ocr_carea ocr_par ocr_line ocrx_word'/>
</head>
<body>
  <div class='ocr_page' id='page_1' title='image "4737872_0122.png"; bbox 0 0 1945 3384; ppageno 0'>
   <div class='ocr_carea' id='block_1_1' title="bbox 726 227 1612 307">
    <p class='ocr_par' dir='ltr' id='par_1_1' title="bbox 726 227 1612 307">
     <span class='ocr_line' id='line_1_1' title="bbox 726 227 1612 307; baseline -0.001 -4"><span class='ocrx_word' id='word_1_1' title='bbox 726 227 1226 303; x_wconf 60' lang='grc' dir='ltr'><strong>ΤΕΒΕἫΤΙΙ.</strong></span> <span class='ocrx_word' id='word_1_2' title='bbox 1332 303 1336 307; x_wconf 61' lang='grc'>,</span> <span class='ocrx_word' id='word_1_3' title='bbox 1533 248 1612 302; x_wconf 75' lang='lat'><strong>165</strong></span> 
     </span>
    </p>
   </div>
   <div class='ocr_carea' id='block_1_2' title="bbox 333 374 1664 2570">
    <p class='ocr_par' dir='ltr' id='par_1_2' title="bbox 333 374 1664 2570">
     <span class='ocr_line' id='line_1_2' title="bbox 360 374 1611 437; baseline -0.008 -12"><span class='ocrx_word' id='word_1_4' title='bbox 360 381 417 425; x_wconf 85' lang='lat' dir='ltr'><strong>de</strong></span> <span class='ocrx_word' id='word_1_5' title='bbox 440 381 498 424; x_wconf 80' lang='lat' dir='ltr'><strong>L.</strong></span> <span class='ocrx_word' id='word_1_6' title='bbox 533 381 720 423; x_wconf 75' lang='lat' dir='ltr'><strong>Annaeo</strong></span> <span class='ocrx_word' id='word_1_7' title='bbox 744 380 955 423; x_wconf 71' lang='lat' dir='ltr'><strong>‘Cornuto</strong></span> <span class='ocrx_word' id='word_1_8' title='bbox 995 380 1047 424; x_wconf 88' lang='lat' dir='ltr'><strong>P.</strong></span> <span class='ocrx_word' id='word_1_9' title='bbox 1073 379 1133 423; x_wconf 91' lang='grc' dir='ltr'><strong>Π.</strong></span> <span class='ocrx_word' id='word_1_10' title='bbox 1176 382 1218 437; x_wconf 78' lang='lat'><strong>§-</strong></span> <span class='ocrx_word' id='word_1_11' title='bbox 1245 376 1304 423; x_wconf 84' lang='grc' dir='ltr'><strong>Χ.</strong></span> <span class='ocrx_word' id='word_1_12' title='bbox 1346 375 1426 417; x_wconf 73' lang='lat' dir='ltr'><strong>uhi</strong></span> <span class='ocrx_word' id='word_1_13' title='bbox 1456 374 1611 419; x_wconf 77' lang='lat' dir='ltr'><strong>de&#39;his</strong></span> 
     </span>
     <span class='ocr_line' id='line_1_3' title="bbox 359 446 1611 509; baseline -0.005 -13"><span class='ocrx_word' id='word_1_14' title='bbox 359 449 694 496; x_wconf 81' lang='lat' dir='ltr'><strong>Commentariis</strong></span> <span class='ocrx_word' id='word_1_15' title='bbox 736 450 823 504; x_wconf 83' lang='lat' dir='ltr'><strong>agit</strong></span> <span class='ocrx_word' id='word_1_16' title='bbox 843 479 859 503; x_wconf 86' lang='lat'><strong>,</strong></span> <span class='ocrx_word' id='word_1_17' title='bbox 904 459 1061 509; x_wconf 80' lang='lat' dir='ltr'><strong>utpote</strong></span> <span class='ocrx_word' id='word_1_18' title='bbox 1113 464 1224 509; x_wconf 81' lang='lat' dir='ltr'><strong>quos</strong></span> <span class='ocrx_word' id='word_1_19' title='bbox 1269 446 1481 499; x_wconf 43' lang='lat' dir='ltr'><strong>cornuti,</strong></span> <span class='ocrx_word' id='word_1_20' title='bbox 1506 460 1611 490; x_wconf 43' lang='lat' dir='ltr'><strong>‘esse</strong></span> 
     </span>
     <span class='ocr_line' id='line_1_4' title="bbox 359 513 1615 575; baseline -0.006 -10"><span class='ocrx_word' id='word_1_21' title='bbox 359 537 452 565; x_wconf 88' lang='lat' dir='ltr'><strong>non</strong></span> <span class='ocrx_word' id='word_1_22' title='bbox 478 528 601 563; x_wconf 80' lang='lat' dir='ltr'><strong>certo</strong></span> <span class='ocrx_word' id='word_1_23' title='bbox 627 518 925 572; x_wconf 74' lang='lat' dir='ltr'><strong>constet3ait</strong></span> <span class='ocrx_word' id='word_1_24' title='bbox 952 527 1098 559; x_wconf 87' lang='lat' dir='ltr'><strong>autem</strong></span> <span class='ocrx_word' id='word_1_25' title='bbox 1124 519 1187 559; x_wconf 86' lang='lat' dir='ltr'><strong>sic</strong></span> <span class='ocrx_word' id='word_1_26' title='bbox 1222 533 1271 575; x_wconf 84' lang='lat' dir='ltr'><strong>p.</strong></span> <span class='ocrx_word' id='word_1_27' title='bbox 1297 527 1389 560; x_wconf 87' lang='lat'><strong>101.</strong></span> <span class='ocrx_word' id='word_1_28' title='bbox 1446 544 1480 569; x_wconf 87' lang='lat'><strong>„</strong></span> <span class='ocrx_word' id='word_1_29' title='bbox 1512 513 1615 558; x_wconf 84' lang='lat' dir='ltr'><strong>cor·</strong></span> 
     </span>
     <span class='ocr_line' id='line_1_5' title="bbox 358 585 1646 647; baseline -0.009 -8"><span class='ocrx_word' id='word_1_30' title='bbox 358 593 467 639; x_wconf 79' lang='lat' dir='ltr'><strong>nuti</strong></span> <span class='ocrx_word' id='word_1_31' title='bbox 506 591 557 633; x_wconf 88' lang='lat' dir='ltr'><strong>in</strong></span> <span class='ocrx_word' id='word_1_32' title='bbox 600 589 878 635; x_wconf 84' lang='lat' dir='ltr'><strong>Terentium</strong></span> <span class='ocrx_word' id='word_1_33' title='bbox 912 586 1275 634; x_wconf 70' lang='lat' dir='ltr'><strong>Commentarios</strong></span> <span class='ocrx_word' id='word_1_34' title='bbox 1301 585 1461 642; x_wconf 64' lang='lat' dir='ltr'><strong>fuisse</strong></span> <span class='ocrx_word' id='word_1_35' title='bbox 1480 617 1492 639; x_wconf 95' lang='lat'>,</span> <span class='ocrx_word' id='word_1_36' title='bbox 1525 585 1646 647; x_wconf 57' lang='lat' dir='ltr'><strong>lecte⁶</strong></span> 
     </span>
     <span class='ocr_line' id='line_1_6' title="bbox 357 649 1614 705; baseline -0.006 0"><span class='ocrx_word' id='word_1_37' title='bbox 357 670 430 705; x_wconf 75' lang='lat' dir='ltr'><strong>est</strong></span> <span class='ocrx_word' id='word_1_38' title='bbox 461 657 706 702; x_wconf 82' lang='lat' dir='ltr'><strong>indicium.</strong></span> <span class='ocrx_word' id='word_1_39' title='bbox 777 660 919 703; x_wconf 84' lang='lat' dir='ltr'><strong>:Duae</strong></span> <span class='ocrx_word' id='word_1_40' title='bbox 960 649 1135 703; x_wconf 81' lang='lat' dir='ltr'><strong><em>etenim</em></strong></span> <span class='ocrx_word' id='word_1_41' title='bbox 1165 665 1487 700; x_wconf 83' lang='lat' dir='ltr'><strong><em>memorantur</em></strong></span> <span class='ocrx_word' id='word_1_42' title='bbox 1519 656 1614 699; x_wconf 86' lang='lat' dir='ltr'><strong>Te·-</strong></span> 
     </span>
     <span class='ocr_line' id='line_1_7' title="bbox 358 724 1614 783; baseline -0.002 -11"><span class='ocrx_word' id='word_1_43' title='bbox 358 729 499 772; x_wconf 78' lang='lat' dir='ltr'><strong>rertii</strong></span> <span class='ocrx_word' id='word_1_44' title='bbox 532 728 759 772; x_wconf 70' lang='lat' dir='ltr'><em>editiones</em></span> <span class='ocrx_word' id='word_1_45' title='bbox 792 747 822 773; x_wconf 85' lang='lat' dir='ltr'><strong><em>a</em></strong></span> <span class='ocrx_word' id='word_1_46' title='bbox 855 731 928 775; x_wconf 91' lang='lat' dir='ltr'><em>W</em></span> <span class='ocrx_word' id='word_1_47' title='bbox 926 730 1180 774; x_wconf 69' lang='lat' dir='ltr'><strong>esterhovio</strong></span> <span class='ocrx_word' id='word_1_48' title='bbox 1211 729 1261 771; x_wconf 86' lang='lat' dir='ltr'><strong>&#39;in</strong></span> <span class='ocrx_word' id='word_1_49' title='bbox 1284 724 1477 783; x_wconf 76' lang='lat' dir='ltr'><strong>Praefl,</strong></span> <span class='ocrx_word' id='word_1_50' title='bbox 1509 724 1614 769; x_wconf 86' lang='lat' dir='ltr'><strong>Ba-</strong></span> 
     </span>
     <span class='ocr_line' id='line_1_8' title="bbox 359 795 1617 859; baseline -0.005 -16"><span class='ocrx_word' id='word_1_51' title='bbox 359 801 502 843; x_wconf 68' lang='lat' dir='ltr'><strong>sileae</strong></span> <span class='ocrx_word' id='word_1_52' title='bbox 525 800 658 858; x_wconf 79' lang='lat' dir='ltr'><strong>apud</strong></span> <span class='ocrx_word' id='word_1_53' title='bbox 679 800 873 845; x_wconf 84' lang='lat' dir='ltr'><strong>Froben.</strong></span> <span class='ocrx_word' id='word_1_54' title='bbox 903 800 1004 859; x_wconf 55' lang='lat' dir='ltr'><strong>fol-⁴</strong></span> <span class='ocrx_word' id='word_1_55' title='bbox 1024 798 1132 845; x_wconf 81' lang='lat'>1558</span> <span class='ocrx_word' id='word_1_56' title='bbox 1164 806 1212 840; x_wconf 84' lang='lat' dir='ltr'><strong>et</strong></span> <span class='ocrx_word' id='word_1_57' title='bbox 1236 798 1383 839; x_wconf 73' lang='lat' dir='ltr'><strong>Anto.</strong></span> <span class='ocrx_word' id='word_1_58' title='bbox 1409 796 1459 839; x_wconf 84' lang='lat'><strong>80</strong></span> <span class='ocrx_word' id='word_1_59' title='bbox 1493 795 1617 839; x_wconf 86' lang='lat'><strong>1546.</strong></span> 
     </span>
     <span class='ocr_line' id='line_1_9' title="bbox 358 864 1622 927; baseline -0.006 -15"><span class='ocrx_word' id='word_1_60' title='bbox 358 886 559 927; x_wconf 80' lang='lat' dir='ltr'><strong>quarum</strong></span> <span class='ocrx_word' id='word_1_61' title='bbox 584 872 754 913; x_wconf 69' lang='lat' dir='ltr'><strong>titulus</strong></span> <span class='ocrx_word' id='word_1_62' title='bbox 775 878 878 912; x_wconf 73' lang='lat' dir='ltr'><strong>est:</strong></span> <span class='ocrx_word' id='word_1_63' title='bbox 915 869 1171 912; x_wconf 71' lang='lat' dir='ltr'><strong>Terentius</strong></span> <span class='ocrx_word' id='word_1_64' title='bbox 1204 880 1313 910; x_wconf 81' lang='lat' dir='ltr'><strong>cum</strong></span> <span class='ocrx_word' id='word_1_65' title='bbox 1337 864 1538 906; x_wconf 66' lang='lat' dir='ltr'><strong>scholiis</strong></span> <span class='ocrx_word' id='word_1_66' title='bbox 1565 876 1622 905; x_wconf 75' lang='lat' dir='ltr'><strong>ex</strong></span> 
     </span>
     <span class='ocr_line' id='line_1_10' title="bbox 358 934 1618 997; baseline -0.003 -17"><span class='ocrx_word' id='word_1_67' title='bbox 358 939 544 981; x_wconf 80' lang='lat' dir='ltr'><strong>Donati</strong></span> <span class='ocrx_word' id='word_1_68' title='bbox 572 971 587 993; x_wconf 87' lang='lat'><strong>,</strong></span> <span class='ocrx_word' id='word_1_69' title='bbox 641 939 823 997; x_wconf 71' lang='lat' dir='ltr'><strong>Asper-i</strong></span> <span class='ocrx_word' id='word_1_70' title='bbox 875 949 923 983; x_wconf 83' lang='lat' dir='ltr'><strong>et</strong></span> <span class='ocrx_word' id='word_1_71' title='bbox 975 938 1177 982; x_wconf 84' lang='lat' dir='ltr'><strong>Cornuti</strong></span> <span class='ocrx_word' id='word_1_72' title='bbox 1237 934 1618 978; x_wconf 72' lang='lat' dir='ltr'><strong>Commentariis.</strong></span> 
     </span>
     <span class='ocr_line' id='line_1_11' title="bbox 359 1005 1617 1063; baseline -0.001 -16"><span class='ocrx_word' id='word_1_73' title='bbox 359 1007 600 1048; x_wconf 77' lang='lat' dir='ltr'><strong>Neutram</strong></span> <span class='ocrx_word' id='word_1_74' title='bbox 635 1008 754 1049; x_wconf 78' lang='lat' dir='ltr'><strong>mihi</strong></span> <span class='ocrx_word' id='word_1_75' title='bbox 794 1009 1026 1063; x_wconf 67' lang='lat' dir='ltr'><strong>inspicere</strong></span> <span class='ocrx_word' id='word_1_76' title='bbox 1055 1005 1241 1050; x_wconf 77' lang='lat' dir='ltr'><strong>licuit.”</strong></span> <span class='ocrx_word' id='word_1_77' title='bbox 1310 1005 1369 1047; x_wconf 92' lang='lat' dir='ltr'><strong>Et</strong></span> <span class='ocrx_word' id='word_1_78' title='bbox 1393 1019 1499 1049; x_wconf 80' lang='lat' dir='ltr'><strong>vero</strong></span> <span class='ocrx_word' id='word_1_79' title='bbox 1531 1018 1617 1047; x_wconf 81' lang='lat' dir='ltr'><strong>nee</strong></span> 
     </span>
     <span class='ocr_line' id='line_1_12' title="bbox 358 1071 1613 1134; baseline 0.001 -20"><span class='ocrx_word' id='word_1_80' title='bbox 358 1071 467 1114; x_wconf 88' lang='lat' dir='ltr'><strong>mihi</strong></span> <span class='ocrx_word' id='word_1_81' title='bbox 493 1075 714 1134; x_wconf 87' lang='lat' dir='ltr'><strong>inspicere</strong></span> <span class='ocrx_word' id='word_1_82' title='bbox 742 1073 886 1117; x_wconf 85' lang='lat' dir='ltr'><strong>licuit.</strong></span> <span class='ocrx_word' id='word_1_83' title='bbox 947 1072 1152 1128; x_wconf 82' lang='lat' dir='ltr'><strong>Conjicio</strong></span> <span class='ocrx_word' id='word_1_84' title='bbox 1179 1083 1325 1115; x_wconf 86' lang='lat' dir='ltr'><strong>tamen</strong></span> <span class='ocrx_word' id='word_1_85' title='bbox 1355 1089 1448 1117; x_wconf 82' lang='lat' dir='ltr'><strong>esse</strong></span> <span class='ocrx_word' id='word_1_86' title='bbox 1473 1073 1540 1116; x_wconf 84' lang='lat' dir='ltr'><strong>in.</strong></span> <span class='ocrx_word' id='word_1_87' title='bbox 1559 1073 1613 1115; x_wconf 84' lang='lat' dir='ltr'><strong>iis</strong></span> 
     </span>
     <span class='ocr_line' id='line_1_13' title="bbox 356 1139 1614 1202; baseline 0 -19"><span class='ocrx_word' id='word_1_88' title='bbox 356 1140 630 1185; x_wconf 80' lang='lat' dir='ltr'><strong>editionibus</strong></span> <span class='ocrx_word' id='word_1_89' title='bbox 677 1144 825 1202; x_wconf 82' lang='lat' dir='ltr'><strong>ipsum</strong></span> <span class='ocrx_word' id='word_1_90' title='bbox 871 1139 1094 1196; x_wconf 80' lang='lat' dir='ltr'><strong>vulgarem</strong></span> <span class='ocrx_word' id='word_1_91' title='bbox 1137 1142 1378 1184; x_wconf 86' lang='lat' dir='ltr'><strong>Donatum.</strong></span> <span class='ocrx_word' id='word_1_92' title='bbox 1455 1140 1614 1184; x_wconf 84' lang='lat' dir='ltr'><strong>Editor</strong></span> 
     </span>
     <span class='ocr_line' id='line_1_14' title="bbox 333 1202 1613 1271; baseline 0 -17"><span class='ocrx_word' id='word_1_93' title='bbox 333 1211 540 1271; x_wconf 75' lang='lat' dir='ltr'><strong>¹fortasse</strong></span> <span class='ocrx_word' id='word_1_94' title='bbox 575 1209 715 1255; x_wconf 81' lang='lat' dir='ltr'><strong>illum·</strong></span> <span class='ocrx_word' id='word_1_95' title='bbox 735 1212 912 1255; x_wconf 87' lang='lat' dir='ltr'><strong>titulum</strong></span> <span class='ocrx_word' id='word_1_96' title='bbox 945 1210 1151 1254; x_wconf 82' lang='lat' dir='ltr'><strong>maluerit</strong></span> <span class='ocrx_word' id='word_1_97' title='bbox 1192 1202 1504 1271; x_wconf 80' lang='lat' dir='ltr'><strong>praeponere,</strong></span> <span class='ocrx_word' id='word_1_98' title='bbox 1533 1214 1613 1268; x_wconf 84' lang='lat' dir='ltr'><strong>ju-</strong></span> 
     </span>
     <span class='ocr_line' id='line_1_15' title="bbox 358 1280 1615 1340; baseline 0 -17"><span class='ocrx_word' id='word_1_99' title='bbox 358 1280 539 1334; x_wconf 83' lang='lat' dir='ltr'><strong>dicans,</strong></span> <span class='ocrx_word' id='word_1_100' title='bbox 585 1295 657 1323; x_wconf 90' lang='lat' dir='ltr'><strong>eos</strong></span> <span class='ocrx_word' id='word_1_101' title='bbox 690 1280 1066 1333; x_wconf 82' lang='lat' dir='ltr'><strong>Commentarios,</strong></span> <span class='ocrx_word' id='word_1_102' title='bbox 1116 1281 1195 1340; x_wconf 86' lang='lat' dir='ltr'><strong>qui</strong></span> <span class='ocrx_word' id='word_1_103' title='bbox 1227 1282 1392 1325; x_wconf 88' lang='lat' dir='ltr'><strong>Donati</strong></span> <span class='ocrx_word' id='word_1_104' title='bbox 1433 1281 1615 1324; x_wconf 84' lang='lat' dir='ltr'><strong>nomine</strong></span> 
     </span>
     <span class='ocr_line' id='line_1_16' title="bbox 359 1348 1612 1411; baseline 0.001 -20"><span class='ocrx_word' id='word_1_105' title='bbox 359 1350 593 1402; x_wconf 76' lang='lat' dir='ltr'><strong>feruntur,</strong></span> <span class='ocrx_word' id='word_1_106' title='bbox 619 1348 833 1391; x_wconf 77' lang='lat' dir='ltr'><strong>conflatos</strong></span> <span class='ocrx_word' id='word_1_107' title='bbox 859 1363 952 1393; x_wconf 85' lang='lat' dir='ltr'><strong>esse</strong></span> <span class='ocrx_word' id='word_1_108' title='bbox 973 1365 1028 1391; x_wconf 88' lang='lat' dir='ltr'><strong>ex</strong></span> <span class='ocrx_word' id='word_1_109' title='bbox 1043 1349 1225 1404; x_wconf 86' lang='lat' dir='ltr'><strong>Donati,</strong></span> <span class='ocrx_word' id='word_1_110' title='bbox 1250 1350 1411 1411; x_wconf 83' lang='lat' dir='ltr'><strong>Asperi</strong></span> <span class='ocrx_word' id='word_1_111' title='bbox 1429 1358 1475 1393; x_wconf 78' lang='lat' dir='ltr'><strong>et</strong></span> <span class='ocrx_word' id='word_1_112' title='bbox 1492 1351 1612 1394; x_wconf 90' lang='lat' dir='ltr'><strong>Cor-</strong></span> 
     </span>
     <span class='ocr_line' id='line_1_17' title="bbox 358 1417 1616 1478; baseline 0.002 -19"><span class='ocrx_word' id='word_1_113' title='bbox 358 1419 456 1459; x_wconf 90' lang='lat' dir='ltr'><strong>nuti</strong></span> <span class='ocrx_word' id='word_1_114' title='bbox 499 1419 835 1461; x_wconf 82' lang='lat' dir='ltr'><strong>Commentariis</strong></span> <span class='ocrx_word' id='word_1_115' title='bbox 861 1452 874 1469; x_wconf 92' lang='lat'>,</span> <span class='ocrx_word' id='word_1_116' title='bbox 923 1418 1117 1478; x_wconf 84' lang='lat' dir='ltr'><strong>ideoque</strong></span> <span class='ocrx_word' id='word_1_117' title='bbox 1157 1434 1242 1462; x_wconf 85' lang='lat' dir='ltr'><strong>nec</strong></span> <span class='ocrx_word' id='word_1_118' title='bbox 1281 1417 1412 1461; x_wconf 79' lang='lat' dir='ltr'><strong>soliu&#39;s</strong></span> <span class='ocrx_word' id='word_1_119' title='bbox 1452 1420 1616 1461; x_wconf 85' lang='lat' dir='ltr'><strong>Donati</strong></span> 
     </span>
     <span class='ocr_line' id='line_1_18' title="bbox 360 1485 1617 1534; baseline 0 -5"><span class='ocrx_word' id='word_1_120' title='bbox 360 1487 530 1530; x_wconf 89' lang='lat' dir='ltr'><strong>nomini</strong></span> <span class='ocrx_word' id='word_1_121' title='bbox 565 1486 894 1531; x_wconf 85' lang='lat' dir='ltr'><strong>inscribendos.</strong></span> <span class='ocrx_word' id='word_1_122' title='bbox 954 1486 1156 1534; x_wconf 77' lang='lat' dir='ltr'><strong>suadent</strong></span> <span class='ocrx_word' id='word_1_123' title='bbox 1189 1485 1287 1531; x_wconf 48' lang='lat' dir='ltr'><strong>hoc*</strong></span> <span class='ocrx_word' id='word_1_124' title='bbox 1312 1487 1617 1532; x_wconf 83' lang='lat' dir='ltr'><strong>Westerhovii</strong></span> 
     </span>
     <span class='ocr_line' id='line_1_19' title="bbox 360 1556 1616 1615; baseline -0.001 -16"><span class='ocrx_word' id='word_1_125' title='bbox 360 1556 497 1599; x_wconf 86' lang='lat' dir='ltr'><strong>verba</strong></span> <span class='ocrx_word' id='word_1_126' title='bbox 524 1557 574 1597; x_wconf 91' lang='lat' dir='ltr'><strong>in</strong></span> <span class='ocrx_word' id='word_1_127' title='bbox 598 1556 742 1599; x_wconf 85' lang='lat' dir='ltr'><strong>Praef.</strong></span> <span class='ocrx_word' id='word_1_128' title='bbox 787 1573 835 1615; x_wconf 87' lang='lat' dir='ltr'><strong>p.</strong></span> <span class='ocrx_word' id='word_1_129' title='bbox 858 1557 952 1601; x_wconf 84' lang='lat' dir='ltr'><strong>IX:</strong></span> <span class='ocrx_word' id='word_1_130' title='bbox 1015 1588 1047 1611; x_wconf 88' lang='lat'><strong>„</strong></span> <span class='ocrx_word' id='word_1_131' title='bbox 1086 1556 1214 1610; x_wconf 77' lang='lat' dir='ltr'><strong>Quid</strong></span> <span class='ocrx_word' id='word_1_132' title='bbox 1242 1556 1479 1599; x_wconf 66' lang='lat' dir='ltr'><strong>Erasmus</strong></span> <span class='ocrx_word' id='word_1_133' title='bbox 1503 1558 1616 1614; x_wconf 85' lang='lat' dir='ltr'><strong>qui-</strong></span> 
     </span>
     <span class='ocr_line' id='line_1_20' title="bbox 358 1625 1664 1682; baseline 0.001 -13"><span class='ocrx_word' id='word_1_134' title='bbox 358 1628 463 1669; x_wconf 78' lang='lat' dir='ltr'><strong>dem</strong></span> <span class='ocrx_word' id='word_1_135' title='bbox 485 1627 541 1669; x_wconf 84' lang='lat' dir='ltr'><strong>de</strong></span> <span class='ocrx_word' id='word_1_136' title='bbox 566 1627 756 1670; x_wconf 79' lang='lat' dir='ltr'><strong>Donato</strong></span> <span class='ocrx_word' id='word_1_137' title='bbox 787 1628 1053 1682; x_wconf 64' lang='lat' dir='ltr'><strong>censuerit,</strong></span> <span class='ocrx_word' id='word_1_138' title='bbox 1083 1627 1164 1669; x_wconf 81' lang='lat' dir='ltr'><strong>vel</strong></span> <span class='ocrx_word' id='word_1_139' title='bbox 1189 1625 1358 1670; x_wconf 66' lang='lat' dir='ltr'><strong>titulus</strong></span> <span class='ocrx_word' id='word_1_140' title='bbox 1391 1625 1618 1668; x_wconf 75' lang='lat' dir='ltr'><strong>editioni-5</strong></span> <span class='ocrx_word' id='word_1_141' title='bbox 1660 1666 1664 1670; x_wconf 90' lang='lat'>.</span> 
     </span>
     <span class='ocr_line' id='line_1_21' title="bbox 357 1686 1616 1755; baseline 0.001 -18"><span class='ocrx_word' id='word_1_142' title='bbox 357 1697 398 1737; x_wconf 86' lang='lat' dir='ltr'><em>F</em></span> <span class='ocrx_word' id='word_1_143' title='bbox 399 1697 673 1739; x_wconf 79' lang='lat' dir='ltr'><strong>robenianae</strong></span> <span class='ocrx_word' id='word_1_144' title='bbox 690 1686 893 1749; x_wconf 79' lang='lat' dir='ltr'><strong>indicat,</strong></span> <span class='ocrx_word' id='word_1_145' title='bbox 914 1701 966 1741; x_wconf 79' lang='lat' dir='ltr'><strong>in</strong></span> <span class='ocrx_word' id='word_1_146' title='bbox 987 1713 1074 1755; x_wconf 81' lang='lat' dir='ltr'><strong>quo</strong></span> <span class='ocrx_word' id='word_1_147' title='bbox 1096 1697 1212 1739; x_wconf 77' lang='lat' dir='ltr'><strong>haec</strong></span> <span class='ocrx_word' id='word_1_148' title='bbox 1232 1692 1477 1753; x_wconf 57' lang='lat' dir='ltr'><strong>leguntur}</strong></span> <span class='ocrx_word' id='word_1_149' title='bbox 1498 1694 1616 1738; x_wconf 83' lang='lat' dir='ltr'><strong><em>Ha·-</em></strong></span> 
     </span>
     <span class='ocr_line' id='line_1_22' title="bbox 359 1763 1613 1820; baseline 0.001 -14"><span class='ocrx_word' id='word_1_150' title='bbox 359 1764 435 1806; x_wconf 78' lang='lat' dir='ltr'><strong>bes</strong></span> <span class='ocrx_word' id='word_1_151' title='bbox 471 1764 574 1817; x_wconf 73' lang='lat' dir='ltr'><strong>liic,</strong></span> <span class='ocrx_word' id='word_1_152' title='bbox 606 1765 768 1810; x_wconf 81' lang='lat' dir='ltr'><strong>Amice</strong></span> <span class='ocrx_word' id='word_1_153' title='bbox 798 1768 997 1818; x_wconf 81' lang='lat' dir='ltr'><strong>Lector,</strong></span> <span class='ocrx_word' id='word_1_154' title='bbox 1029 1768 1087 1810; x_wconf 88' lang='lat' dir='ltr'><strong>P.</strong></span> <span class='ocrx_word' id='word_1_155' title='bbox 1124 1765 1341 1820; x_wconf 73' lang='lat' dir='ltr'><strong>Terentii</strong></span> <span class='ocrx_word' id='word_1_156' title='bbox 1373 1763 1613 1807; x_wconf 81' lang='lat' dir='ltr'><strong>Comoedi-</strong></span> 
     </span>
     <span class='ocr_line' id='line_1_23' title="bbox 358 1833 1618 1890; baseline -0.001 -13"><span class='ocrx_word' id='word_1_157' title='bbox 358 1851 442 1888; x_wconf 71' lang='grc' dir='ltr'><strong>αε,</strong></span> <span class='ocrx_word' id='word_1_158' title='bbox 481 1851 574 1878; x_wconf 80' lang='lat' dir='ltr'><strong>una</strong></span> <span class='ocrx_word' id='word_1_159' title='bbox 619 1847 726 1880; x_wconf 77' lang='lat' dir='ltr'><strong>cum</strong></span> <span class='ocrx_word' id='word_1_160' title='bbox 768 1836 970 1880; x_wconf 73' lang='lat' dir='ltr'><strong>Sclioliis</strong></span> <span class='ocrx_word' id='word_1_161' title='bbox 1007 1853 1064 1880; x_wconf 77' lang='lat' dir='ltr'><strong>ex</strong></span> <span class='ocrx_word' id='word_1_162' title='bbox 1098 1834 1313 1886; x_wconf 82' lang='lat' dir='ltr'><strong>Donati,</strong></span> <span class='ocrx_word' id='word_1_163' title='bbox 1346 1833 1530 1890; x_wconf 74' lang='lat' dir='ltr'><strong>Asperi</strong></span> <span class='ocrx_word' id='word_1_164' title='bbox 1568 1842 1618 1877; x_wconf 80' lang='lat' dir='ltr'><strong>et</strong></span> 
     </span>
     <span class='ocr_line' id='line_1_24' title="bbox 363 1904 1615 1963; baseline -0.001 -17"><span class='ocrx_word' id='word_1_165' title='bbox 363 1904 562 1947; x_wconf 68' lang='lat' dir='ltr'><strong>Cornuti·</strong></span> <span class='ocrx_word' id='word_1_166' title='bbox 613 1905 972 1949; x_wconf 79' lang='lat' dir='ltr'><strong>Commentariis</strong></span> <span class='ocrx_word' id='word_1_167' title='bbox 1018 1905 1311 1963; x_wconf 78' lang='lat' dir='ltr'><strong>decerpti3.’&#39;</strong></span> <span class='ocrx_word' id='word_1_168' title='bbox 1384 1904 1615 1946; x_wconf 86' lang='lat' dir='ltr'><strong>Fabricius</strong></span> 
     </span>
     <span class='ocr_line' id='line_1_25' title="bbox 362 1972 1609 2034; baseline -0.002 -18"><span class='ocrx_word' id='word_1_169' title='bbox 362 1972 543 2032; x_wconf 87' lang='lat' dir='ltr'><strong>quidem</strong></span> <span class='ocrx_word' id='word_1_170' title='bbox 567 1974 615 2016; x_wconf 91' lang='lat' dir='ltr'><strong>in</strong></span> <span class='ocrx_word' id='word_1_171' title='bbox 641 1974 759 2017; x_wconf 88' lang='lat' dir='ltr'><strong>Bihl.</strong></span> <span class='ocrx_word' id='word_1_172' title='bbox 785 1975 883 2018; x_wconf 87' lang='lat' dir='ltr'><strong>Lat.</strong></span> <span class='ocrx_word' id='word_1_173' title='bbox 923 1977 979 2018; x_wconf 82' lang='lat' dir='ltr'><strong>T.</strong></span> <span class='ocrx_word' id='word_1_174' title='bbox 1003 1977 1039 2021; x_wconf 92' lang='lat'><strong>1.</strong></span> <span class='ocrx_word' id='word_1_175' title='bbox 1072 1992 1120 2034; x_wconf 83' lang='lat' dir='ltr'><strong>p.</strong></span> <span class='ocrx_word' id='word_1_176' title='bbox 1142 1977 1212 2033; x_wconf 81' lang='lat'><strong>49.</strong></span> <span class='ocrx_word' id='word_1_177' title='bbox 1242 1974 1380 2032; x_wconf 84' lang='lat' dir='ltr'><strong>idque</strong></span> <span class='ocrx_word' id='word_1_178' title='bbox 1401 1987 1492 2015; x_wconf 90' lang='lat' dir='ltr'><strong>non</strong></span> <span class='ocrx_word' id='word_1_179' title='bbox 1516 1972 1609 2015; x_wconf 91' lang='lat' dir='ltr'><strong>du-</strong></span> 
     </span>
     <span class='ocr_line' id='line_1_26' title="bbox 358 2041 1611 2102; baseline 0.001 -17"><span class='ocrx_word' id='word_1_180' title='bbox 358 2044 528 2097; x_wconf 86' lang='lat' dir='ltr'><strong>bitans,</strong></span> <span class='ocrx_word' id='word_1_181' title='bbox 582 2043 770 2087; x_wconf 86' lang='lat' dir='ltr'><strong>Cornuti</strong></span> <span class='ocrx_word' id='word_1_182' title='bbox 815 2061 979 2089; x_wconf 88' lang='lat' dir='ltr'><strong>nomen</strong></span> <span class='ocrx_word' id='word_1_183' title='bbox 1027 2046 1147 2088; x_wconf 90' lang='lat' dir='ltr'><strong>inter</strong></span> <span class='ocrx_word' id='word_1_184' title='bbox 1193 2041 1386 2102; x_wconf 86' lang='lat' dir='ltr'><strong>reliquos</strong></span> <span class='ocrx_word' id='word_1_185' title='bbox 1430 2045 1611 2086; x_wconf 88' lang='lat' dir='ltr'><strong>Teren-</strong></span> 
     </span>
     <span class='ocr_line' id='line_1_27' title="bbox 360 2111 1610 2174; baseline 0.001 -19"><span class='ocrx_word' id='word_1_186' title='bbox 360 2114 409 2156; x_wconf 85' lang='lat' dir='ltr'><strong>tii</strong></span> <span class='ocrx_word' id='word_1_187' title='bbox 432 2114 697 2174; x_wconf 89' lang='lat' dir='ltr'><strong>interpretes</strong></span> <span class='ocrx_word' id='word_1_188' title='bbox 720 2126 952 2168; x_wconf 82' lang='lat' dir='ltr'><strong>recenset3</strong></span> <span class='ocrx_word' id='word_1_189' title='bbox 980 2130 1125 2172; x_wconf 85' lang='lat' dir='ltr'><strong>neque</strong></span> <span class='ocrx_word' id='word_1_190' title='bbox 1147 2125 1291 2155; x_wconf 88' lang='lat' dir='ltr'><strong>tamen</strong></span> <span class='ocrx_word' id='word_1_191' title='bbox 1313 2111 1468 2167; x_wconf 86' lang='lat' dir='ltr'><strong>addit,</strong></span> <span class='ocrx_word' id='word_1_192' title='bbox 1500 2116 1610 2171; x_wconf 87' lang='lat' dir='ltr'><strong>qui—</strong></span> 
     </span>
     <span class='ocr_line' id='line_1_28' title="bbox 359 2177 1608 2243; baseline 0.001 -20"><span class='ocrx_word' id='word_1_193' title='bbox 359 2182 442 2225; x_wconf 86' lang='lat' dir='ltr'><strong>bus</strong></span> <span class='ocrx_word' id='word_1_194' title='bbox 482 2186 740 2243; x_wconf 78' lang='lat' dir='ltr'><strong>testimoniis</strong></span> <span class='ocrx_word' id='word_1_195' title='bbox 777 2177 826 2227; x_wconf 84' lang='lat' dir='ltr'><strong>in</strong></span> <span class='ocrx_word' id='word_1_196' title='bbox 869 2200 966 2227; x_wconf 89' lang='lat' dir='ltr'><strong>eam</strong></span> <span class='ocrx_word' id='word_1_197' title='bbox 1005 2183 1260 2242; x_wconf 85' lang='lat' dir='ltr'><strong>opinionem</strong></span> <span class='ocrx_word' id='word_1_198' title='bbox 1290 2180 1512 2228; x_wconf 83' lang='lat' dir='ltr'><strong>adductus</strong></span> <span class='ocrx_word' id='word_1_199' title='bbox 1538 2183 1608 2225; x_wconf 88' lang='lat' dir='ltr'><strong>sit.</strong></span> 
     </span>
     <span class='ocr_line' id='line_1_29' title="bbox 358 2244 1611 2314; baseline -0.001 -20"><span class='ocrx_word' id='word_1_200' title='bbox 358 2251 548 2299; x_wconf 85' lang='lat' dir='ltr'><strong>Videtur</strong></span> <span class='ocrx_word' id='word_1_201' title='bbox 582 2256 729 2314; x_wconf 85' lang='lat' dir='ltr'><strong>itaque</strong></span> <span class='ocrx_word' id='word_1_202' title='bbox 768 2267 811 2300; x_wconf 88' lang='lat' dir='ltr'><strong>et</strong></span> <span class='ocrx_word' id='word_1_203' title='bbox 845 2255 919 2299; x_wconf 85' lang='lat' dir='ltr'><strong>hic</strong></span> <span class='ocrx_word' id='word_1_204' title='bbox 953 2254 1114 2297; x_wconf 84' lang='lat' dir='ltr'><strong>famam</strong></span> <span class='ocrx_word' id='word_1_205' title='bbox 1151 2244 1272 2295; x_wconf 75' lang='lat' dir='ltr'><strong>illam</strong></span> <span class='ocrx_word' id='word_1_206' title='bbox 1306 2262 1480 2295; x_wconf 82' lang='lat' dir='ltr'><strong>secutus</strong></span> <span class='ocrx_word' id='word_1_207' title='bbox 1506 2268 1611 2294; x_wconf 85' lang='lat' dir='ltr'><strong>esse.</strong></span> 
     </span>
     <span class='ocr_line' id='line_1_30' title="bbox 360 2319 1609 2386; baseline 0.003 -26"><span class='ocrx_word' id='word_1_208' title='bbox 360 2319 721 2380; x_wconf 85' lang='lat' dir='ltr'><strong>Lindenbrogius</strong></span> <span class='ocrx_word' id='word_1_209' title='bbox 745 2326 927 2386; x_wconf 86' lang='lat' dir='ltr'><strong>quidem</strong></span> <span class='ocrx_word' id='word_1_210' title='bbox 956 2335 1086 2383; x_wconf 86' lang='lat' dir='ltr'><strong>putat</strong></span> <span class='ocrx_word' id='word_1_211' title='bbox 1109 2321 1325 2366; x_wconf 83' lang='lat' dir='ltr'><strong>Euanthii</strong></span> <span class='ocrx_word' id='word_1_212' title='bbox 1349 2337 1467 2375; x_wconf 88' lang='lat' dir='ltr'><strong>esse,</strong></span> <span class='ocrx_word' id='word_1_213' title='bbox 1498 2338 1609 2379; x_wconf 75' lang='lat' dir='ltr'><strong>quae</strong></span> 
     </span>
     <span class='ocr_line' id='line_1_31' title="bbox 359 2388 1609 2455; baseline -0.002 -21"><span class='ocrx_word' id='word_1_214' title='bbox 359 2396 581 2443; x_wconf 78' lang='lat' dir='ltr'><strong>tamquam</strong></span> <span class='ocrx_word' id='word_1_215' title='bbox 608 2409 661 2435; x_wconf 84' lang='lat' dir='ltr'><strong>ex</strong></span> <span class='ocrx_word' id='word_1_216' title='bbox 698 2396 869 2455; x_wconf 87' lang='lat' dir='ltr'><strong>Aspero</strong></span> <span class='ocrx_word' id='word_1_217' title='bbox 903 2396 970 2440; x_wconf 84' lang='lat' dir='ltr'><strong>vel</strong></span> <span class='ocrx_word' id='word_1_218' title='bbox 1010 2388 1213 2440; x_wconf 87' lang='lat' dir='ltr'><strong>Cornuto</strong></span> <span class='ocrx_word' id='word_1_219' title='bbox 1248 2394 1304 2435; x_wconf 81' lang='lat' dir='ltr'><strong>de</strong></span> <span class='ocrx_word' id='word_1_220' title='bbox 1344 2391 1609 2447; x_wconf 80' lang='lat' dir='ltr'><strong>Tragoedia</strong></span> 
     </span>
     <span class='ocr_line' id='line_1_32' title="bbox 360 2456 1609 2516; baseline 0.003 -18"><span class='ocrx_word' id='word_1_221' title='bbox 360 2465 406 2499; x_wconf 78' lang='lat' dir='ltr'><strong>ec</strong></span> <span class='ocrx_word' id='word_1_222' title='bbox 430 2456 671 2505; x_wconf 79' lang='lat' dir='ltr'><strong>Comoedia</strong></span> <span class='ocrx_word' id='word_1_223' title='bbox 693 2464 920 2508; x_wconf 83' lang='lat' dir='ltr'><strong>nonnullis</strong></span> <span class='ocrx_word' id='word_1_224' title='bbox 947 2463 1152 2508; x_wconf 80' lang='lat' dir='ltr'><strong>Terentii</strong></span> <span class='ocrx_word' id='word_1_225' title='bbox 1175 2458 1444 2505; x_wconf 87' lang='lat' dir='ltr'><strong>editionibus</strong></span> <span class='ocrx_word' id='word_1_226' title='bbox 1473 2474 1609 2516; x_wconf 79' lang='lat' dir='ltr'><strong>prae·</strong></span> 
     </span>
     <span class='ocr_line' id='line_1_33' title="bbox 357 2537 610 2570; baseline 0.004 -1"><span class='ocrx_word' id='word_1_227' title='bbox 357 2537 610 2570; x_wconf 72' lang='lat' dir='ltr'><strong>mittuntur.</strong></span> 
     </span>
    </p>
   </div>
   <div class='ocr_carea' id='block_1_3' title="bbox 1001 2600 1615 2642">
    <p class='ocr_par' dir='ltr' id='par_1_3' title="bbox 1001 2600 1615 2642">
     <span class='ocr_line' id='line_1_34' title="bbox 1001 2600 1615 2642; baseline 0.003 -2"><span class='ocrx_word' id='word_1_228' title='bbox 1001 2601 1038 2640; x_wconf 91' lang='grc' dir='ltr'>Ο</span> <span class='ocrx_word' id='word_1_229' title='bbox 1525 2600 1615 2642; x_wconf 77' lang='lat' dir='ltr'><strong>Fa-</strong></span> 
     </span>
    </p>
   </div>
  </div>
 </body>
</html>
