1945 3384
488 275 722 334 mmm,
751 263 915 324 Em
938 275 1024 322 ET
1054 276 1296 327 Lucan.
1340 314 1343 317 ,
1472 283 1528 340 ⁵9

278 414 434 445 comus
473 391 655 445 Lucilii
691 397 882 444 Satirae
907 399 1180 460 familiaris
1226 401 1351 446 suist
1407 403 1528 447 Nae—

277 471 372 515 vius
410 473 563 531 itaque
598 483 777 512 suorum
808 472 1056 514 carminum
1091 469 1388 527 interpretem
1416 484 1530 514 nac-

278 553 348 584 tus
372 551 438 585 est
464 541 625 594 Caium
652 538 892 582 Octavium
925 537 1302 596 Lampadionem3
1333 539 1532 595 Ennius,

277 610 510 667 Quintum'
530 608 853 662 Vargunteium
867 640 881 662 ,
912 619 956 652 et
970 638 984 662 ‚
1016 608 1389 665 quemadmodum
1424 609 1537 654 Gel-

275 678 360 722 lius
402 675 561 719 innuit³
583 677 636 718 L.
659 670 825 721 XVHI.
866 691 905 718 c.
928 677 971 721 5.
1020 676 1399 736 Lampadionem3
1430 681 1530 722 Lu—

278 747 402 788 cilius
421 776 435 798 ,
477 744 675 787 Laelium
703 743 1000 799 Archelaum,
1043 747 1273 801 Vectium,
1310 749 1534 805 Quintum

274 812 595 856 Philocomum.
654 813 737 857 Ast
771 828 878 858 vero
909 815 1180 875 interpretes
1207 814 1301 869 illi,
1330 815 1413 858 etsi
1441 830 1529 858 ne·-

273 883 368 937 gari
394 897 486 925 non
512 895 664 941 queat,
698 885 817 945 ipsos
838 886 888 928 in
915 887 1103 929 istorum
1124 889 1361 942 poetarum
1381 882 1533 940 scrip·-

274 951 331 994 tis
360 952 709 1015 interpretandis
732 971 824 999 non
850 954 965 998 nihil
986 967 1148 1013 operae
1179 947 1443 1007 collocasse,
1475 968 1534 995 an

276 1025 469 1066 carmina
484 1057 497 1077 ‚
550 1024 662 1081 quae
705 1023 895 1079 legerint
916 1055 930 1074 .,
970 1024 1150 1081 scriptis
1194 1024 1532 1068 Commentariis

274 1087 562 1150 interpretati
598 1092 769 1135 fuerint
787 1120 801 1145 ‚
842 1104 1118 1149 summopere
1158 1091 1295 1134 dubia
1333 1106 1405 1135 res
1448 1104 1531 1136 est.

273 1161 498 1218 Equidem
537 1151 813 1205 crediderim*
837 1161 917 1212 hos
955 1162 1225 1218 interpretes
1265 1172 1534 1216 anagnosta-

272 1238 374 1271 rum
402 1231 540 1285 magis
575 1238 708 1286 quam
740 1229 1142 1273 Grammaticorum
1171 1242 1359 1272 munere
1390 1229 1534 1274 func-

274 1308 340 1340 tos
378 1312 470 1341 esse
489 1329 501 1352 ,
547 1298 836 1357 ipsorumque
872 1294 1212 1347 recitationem,
1250 1295 1300 1336 in
1344 1296 1535 1340 circum-

217 1398 220 1400 ·
272 1367 484 1408 stantium
526 1376 714 1413 corona,
757 1365 850 1406 fere
883 1364 1054 1407 referre
1099 1365 1373 1408 Graecorum
1411 1364 1532 1410 Rha-

269 1432 516 1492 psod'oruui
545 1438 728 1477 morem.
785 1432 972 1491 Proprie
1011 1432 1166 1490 itaque
1213 1435 1410 1477 omnium
1449 1437 1510 1480 ho

270 1518 374 1548 rum
405 1505 584 1547 nomina
619 1504 694 1547 hic
725 1504 904 1547 reticeri
936 1504 1186 1562 potuissent
1203 1532 1217 1557 ,
1251 1504 1536 1565 quandoqui-

273 1572 404 1624 dem,
447 1574 484 1616 si
508 1582 609 1618 vere
640 1585 738 1619 rem
775 1583 947 1634 spectas
966 1605 979 1627 ‚
1010 1586 1141 1615 nemo
1184 1572 1372 1617 istorum
1408 1577 1530 1634 quis.

275 1659 408 1702 quam
445 1644 593 1707 locum
622 1645 707 1688 sibi
747 1643 946 1688 vindicet
980 1643 1030 1684 in
1073 1642 1358 1700 antiquorum
1392 1646 1533 1690 inter-

270 1726 452 1772 pretum
482 1726 682 1760 numero.

231 1835 236 1841 ᾗ
328 1782 403 1824 Ad
444 1783 611 1828 calcem
652 1784 786 1839 hujus
829 1784 1000 1842 Capitis
1045 1781 1304 1837 adjiciamus
1344 1783 1404 1826 de
1443 1784 1531 1828 levi

271 1853 519 1911 suspicione
553 1869 666 1914 quae
695 1853 922 1899 Valerium
959 1850 1163 1895 Probum
1189 1851 1342 1896 Naevii
1375 1854 1532 1897 carmi-

272 1936 330 1964 na
355 1917 702 1991 interpretatum
736 1938 829 1965 esse
848 1920 1132 1990 pronuntiat.

830 2066 871 2118 §-
932 2076 972 2104 2.

584 2200 889 2246 Valerius
935 2203 1208 2244 Probus.

328 2339 529 2385 Valerius
553 2340 723 2383 Probus
757 2349 921 2382 tantam
949 2340 997 2380 in
1031 2338 1355 2382 Grammaticae
1382 2329 1528 2383 studio

275 2405 458 2464 adeptus
493 2422 559 2453 est
586 2409 762 2452 laudem
778 2442 790 2463 ‚
820 2419 869 2450 ut
894 2420 938 2450 ct
960 2406 1186 2450 Charisius
1215 2420 1259 2451 et
1276 2409 1525 2452 Priscianus

265 2475 320 2519 ‘et
358 2474 517 2534 reliqui
560 2478 719 2523 harum
762 2494 913 2523 rerum
942 2478 1182 2539 scriptores
1204 2510 1215 2531 ‚
1261 2479 1296 2519 si
1339 2476 1447 2535 quid
1475 2478 1525 2518 in

274 2543 542 2602 disputando
593 2548 806 2592 affirmare
863 2549 1001 2594 velint
1022 2582 1034 2599 ‚
1088 2548 1225 2607 ipsius
1275 2545 1525 2591 auctoritati

335 2618 344 2623 ’
933 2616 972 2657 Η
1004 2630 1025 2658 2
1407 2617 1519 2659 sub·
