1945 3384
353 258 435 305 158
523 254 656 305 cA-P.
686 259 768 306 1x.
825 259 904 306 DE
946 259 1161 318 AN‘mQ.
1201 257 1483 305 INTERPR.

350 380 445 435 mi,
478 365 569 440 qua
588 382 818 439 utriusque
850 382 1108 442 conscripta
1129 388 1234 425 'sunt
1249 412 1264 436 ,
1292 394 1514 440 perquam
1536 377 1615 422 in-

350 451 538 508 signiter
559 447 775 492 differunt
799 456 846 492 et
872 448 1073 495 dictione
1099 452 1392 501 etdoctrinfi.
1448 453 1504 496 In
1528 450 1618 494 As-

348 520 472 562 conii
507 517 688 576 scriptis
733 522 875 565 oratio
905 522 1074 580 ubique
1107 538 1239 566 aurea
1272 533 1338 566 est
1368 520 1441 567 vel
1464 537 1622 565 aureae

345 588 583 646 -proxima3
616 587 758 633 dictio
781 592 1008 637 Victorini
1031 601 1100 633 est
1126 591 1356 649 profunda
1383 591 1554 652 ubique
1577 603 1624 635 et

346 656 496 711 dura,
525 669 572 702 et
603 673 736 723 saepe
756 688 769 714 ‚
811 676 898 718 pro
937 662 1032 704 aevi
1072 661 1281 718 ingenio,
1308 662 1513 706 obscura.
1573 662 1623 706 Si

346 727 610 773 doctrinam
632 739 833 788 spectas,
861 729 1123 775 Victorinus
1151 731 1309 790 prodit
1331 731 1516 791 quidem
1541 732 1621 775 di-

348 798 566 855 ligentem
600 800 834 842 Ciceronis
863 799 1131 852 lectionem,
1167 799 1448 858 sed'saepius
1486 818 1620 859 vaga-

342 877 430 911 ·tur
451 879 581 911 extra
607 867 800 910 orbitam
816 895 831 919 ,
862 867 1167 930 admiscetque
1198 881 1295 920 res,
1327 885 1441 926 quae
1469 870 1526 911 ad
1549 871 1624 912 lo-

354 953 459 980 cum
488 938 568 980 ubi
593 942 837 984 notantur,
856 931 1014 974 'minus
1030 943 1190 976 *essent
1210 933 1511 989 necessariae3
1544 934 1623 991 ju-

344 1004 476 1049 -dieio
499 1003 619 1049 valet
645 998 887 1045 admodum
904 1031 916 1053 ‚
946 1015 1032 1059 pro
1060 1012 1202 1046 aetate
1230 1003 1400 1049 scilicet
1433 1022 1522 1064 qua
1548 1005 1623 1049 vi-

341 1074 431 1119 ·xit.
490 1073 729 1123 Caeterum
755 1087 848 1115 non
876 1070 1059 1124 dubito,
1085 1073 1226 1130 quin,
1259 1074 1337 1131 qui
1358 1074 1503 1133 ⁸ipsius
1523 1074 1620 1116 Ex-

349 1142 623 1202 positionem
675 1141 839 1185 evolvit
889 1141 1218 1199 diligenterque
1262 1141 1369 1201 legit
1388 1172 1401 1196 ‚
1450 1142 1624 1187 doctior

352 1212 587 1256 interdum
609 1212 665 1252 ab
693 1211 833 1267 ipsius
859 1209 1052 1253 lectione
1078 1209 1274 1254 recedat.
1341 1209 1625 1268 Videturque

344 1298 450 1327 eam
473 1280 631 1324 saltem
656 1280 744 1322 sibi
762 1274 941 1322 laudem
957 1279 1191 1324 vindicare
1206 1311 1219 1335 ‚
1235 1279 1359 1339 quod
1385 1280 1485 1324 satis
1506 1279 1618 1323 dili-

340 1362 512 1408 -genter
541 1347 766 1392 studuerit
798 1358 848 1390 ut
870 1349 990 1393 inter
1022 1350 1177 1394 doctos
1209 1350 1437 1394 Ciceronis
1469 1351 1620 1394 inter-

347 1431 502 1483 pretes
531 1417 792 1462 referretur.

411 1492 630 1547 Superest
672 1489 872 1549 quaestio
901 1500 950 1532 ut
986 1489 1295 1548 inquiramus,
1331 1504 1388 1531 an
1414 1491 1618 1533 Victori-

343 1574 469 1613 ·nus,
498 1570 678 1617 praeter
716 1559 1001 1616 superstitem
1041 1559 1379 1615 Expositionem
1406 1559 1455 1600 in
1479 1558 1621 1602 libros

354 1628 413 1671 de
445 1628 737 1679 Inventione,
774 1627 1007 1682 scripserit
1046 1641 1228 1686 quoque
1263 1628 1313 1669 in
1346 1627 1450 1670 alios
1485 1629 1619 1672 Cice-

352 1697 477 1743 ronis
506 1696 648 1740 libros
677 1695 986 1750 Expositiones
1005 1725 1019 1747 ,
1055 1710 1168 1751 quae
1193 1697 1427 1754 perierint.
1484 1696 1619 1739 Desi-

344 1765 560 1809 <ieramus
608 1762 794 1822 quidem
834 1763 973 1820 ipsius
1017 1762 1241 1807 Victorini
1290 1764 1618 1819 testimonium,

342 1849 495 1892 ,quum
529 1846 750 1888 nusquam
778 1832 826 1873 in
852 1831 982 1874 libris
1016 1832 1331 1891 superstitibus
1365 1833 1500 1877 ullam
1528 1833 1622 1876 hu-

345 1904 430 1959 ‚jus
462 1900 529 1944 rei
559 1898 693 1942 faciat
722 1900 1025 1955 mentionem3
1059 1899 1138 1943 sed
1162 1902 1281 1943 'sunt
1314 1913 1499 1945 externa
1540 1918 1618 1945 ar-

342 1981 599 2029 gumenta,
639 1968 669 2010 i.
709 1983 749 2011 e.
797 1966 983 2010 aliorum
1029 1969 1302 2027 scriptorum
1343 1971 1623 2022 testimonia,

357 2058 474 2103 quae
512 2040 632 2084 hanc
664 2054 761 2082 rem
797 2049 922 2081 certo
964 2040 1124 2083 certius
1162 2040 1376 2099 probant.
1447 2041 1510 2082 Ut
1546 2054 1625 2097 ap-

355 2123 512 2175 pareat
552 2111 691 2167 igitur
731 2108 1015 2153 Victorinum
1056 2125 1236 2169 quoque
1274 2112 1623 2168 interpretatum

355 2198 449 2227 esse
488 2182 767 2240 Topicorum
799 2175 1032 2231 libellum,
1071 2181 1358 2224 exhibeamus
1403 2175 1460 2220 ad
1499 2177 1622 2220 hunc

355 2254 506 2297 locum
547 2249 725 2292 Boethii
767 2247 1070 2292 testimonium
1117 2266 1173 2294 ex
1217 2252 1268 2292 L.
1292 2250 1327 2291 1.
1371 2249 1621 2292 Commenn

355 2326 408 2367 in
438 2321 601 2376 Topie.
632 2321 842 2363 Ciceron.
872 2336 921 2377 p.
944 2335 981 2363 1.
1011 2321 1091 2362 ubi
1122 2322 1210 2361 ait:
1254 2348 1287 2372 ‚,
1310 2319 1364 2361 In
1394 2320 1463 2362 M.
1497 2320 1618 2361 Tul-

355 2395 412 2439 lii
443 2389 627 2446 Topica
656 2391 962 2444 Victorinus,
996 2391 1165 2433 rhetor·
1180 2388 1421 2445 plurimae
1446 2391 1496 2433 in
1524 2390 1622 2432 dis-

357 2458 551 2506 serendi
573 2465 678 2500 arte
700 2459 898 2501 notitiae
913 2492 927 2512 ,
957 2467 1215 2503 commenta
1235 2459 1533 2516 conscripsit.
1562 2481 1620 2488 ——

365 2533 585 2589 Quacum·
634 2528 948 2574 voluminibus
1001 2527 1282 2576 Victorinus
1319 2532 1381 2575 vin
1442 2529 1622 2582 Topica

1508 2610 1620 2637 COR*
