1945 3384
353 234 430 278 152
518 232 649 276 CAP.
679 232 761 276 IX.
798 233 898 276 'DE
942 234 1151 293 AN‘mQ.
1194 226 1473 280 INTERPR.

358 369 468 396 cum
486 355 685 397 Graecis
709 367 927 409 pugnare
953 357 1119 399 noluit.
1143 372 1231 415 quo
1249 356 1396 398 etiam
1413 344 1619 412 tompore

360 424 549 468 Hector
577 424 774 465 classem
800 439 963 465 eorum
1002 424 1227 470 incendit.
1261 427 1311 467 in
1338 427 1428 467 hac
1449 440 1621 480 pugna

363 494 518 537 Ulixes
535 491 817 534 vulneratus
836 491 1098 537 inducitur.
1116 504 1165 539 et
1170 496 1372 554 fugiens
1386 493 1624 537 Achillem

356 563 503 606 venit.
527 577 635 604 cum
653 563 1035 616 interrogaretur
1046 565 1105 606 ab
1122 565 1174 607 A
1168 566 1277 621 jace
1295 561 1597 619 curficgieset
1610 590 1625 612 ,

359 632 436 677 ille
454 638 510 674 ut
529 631 705 675 celaret
721 629 926 674 dedecus
941 634 1166 681 vitium.’'
1217 632 1429 690 Ejusdem
1447 628 1625 673 fabulae

357 698 464 759 alibi
489 699 718 752 meminit,
740 700 864 757 solio
890 702 956 745 14.
982 702 1030 744 id
1059 716 1125 746 est
1152 704 1208 748 ad
1241 706 1295 746 L.
1306 704 1342 745 1.
1372 701 1419 741 in
1435 702 1621 745 Verrem

356 783 396 811 c.
423 768 491 813 18.
539 767 621 812 Ita
647 771 814 826 magni
818 770 1007 828 fluctus
1019 773 1350 828 ejiciebantur.
1407 768 1628 814 Enniano

356 839 623 882 emistichio
645 854 761 879 usus
784 849 858 880 eet
872 867 886 889 ,
913 853 969 879 ex
993 836 1246 890 tragoedia
1269 855 1390 894 quae
1410 839 1627 879 Achilles

359 905 694 950 inscribitur-’⁹
763 904 822 947 Et
864 921 969 950 vero
1013 906 1316 958 etiamhuius
1352 901 1622 947 scholiastae

356 984 497 1019 aetate
530 973 794 1031 superstites
834 973 968 1016 fuisse
1003 961 1458 1017 videmur'Messalae
1497 972 1619 1012 Ora-

354 1044 513 1086 tiones.
571 1040 647 1087 Ad
677 1044 805 1085 Orat.
838 1057 924 1100 pro
944 1043 1076 1086 Rosc.
1105 1042 1256 1086 Amer.
1296 1056 1334 1084 c.
1358 1053 1398 1083 2.
1437 1039 1485 1080 in
1510 1036 1624 1080 cod.

348 1113 473 1170 folio
504 1114 574 1169 59.
612 1111 724 1156 haec
757 1113 835 1156 ille
867 1125 1019 1156 notat:
1060 1114 1172 1156 Non
1201 1127 1288 1167 ego
1315 1112 1398 1166 qui
1424 1110 1630 1152 maximo>

357 1184 562 1238 tagenio.
630 1182 890 1223 Messalam
932 1183 1132 1224 maxime
1165 1179 1445 1237 significat,
1489 1180 1627 1237 cujus

357 1252 561 1295 maxime
595 1257 784 1294 exstant
813 1250 1100 1293 orationes?
1257 1241 1260 1244 ⁴

409 1323 546 1378 ,Quot
575 1320 806 1363 Ciceronis
837 1319 1055 1362 orationes
1090 1318 1355 1363 Scholiastes
1390 1314 1623 1360 commenss-

362 1389 487 1432 tariis
512 1387 828 1443 illustraverit,
856 1401 979 1434 certo
1008 1390 1193 1449 quidem
1218 1380 1399 1451 definiri
1436 1388 1620 1446 nequit3

363 1457 442 1501 sed
477 1458 514 1500 si
545 1457 766 1500 vossiano
793 1459 954 1502 Codici
983 1459 1096 1502 fides
1126 1457 1338 1502 habenda
1366 1469 1432 1500 est
1450 1488 1462 1510 ,
1494 1456 1626 1511 vigie-

363 1539 439 1570 tur
481 1524 558 1568 ille
596 1525 652 1567 ad
687 1524 791 1569 satis
825 1531 1041 1584 plurimas
1074 1530 1321 1585 scripsisse.
1397 1525 1629 1568 Librarius

363 1597 487 1640 enim
514 1610 656 1655 quum
684 1595 733 1637 in
762 1598 961 1652 margine
989 1597 1153 1655 passim
1180 1595 1440 1653 paginarum
1464 1608 1627 1635 nume-

362 1683 437 1711 ros
475 1666 699 1710 notaverit
738 1664 795 1707 de
827 1666 993 1708 Codice
1025 1666 1236 1724 antiquo,
1281 1681 1412 1723 quem
1448 1662 1628 1706 descri-

362 1738 528 1790 bebat,
552 1734 680 1778 facile
706 1734 979 1791 deteguntur
1000 1727 1185 1778 lacunae
1209 1737 1397 1794 maxime
1416 1736 1628 1790 insignes.

364 1807 539 1851 Servati
563 1816 669 1847 sunt
697 1806 1016 1849 Commentm-ii
1044 1805 1099 1848 ad
1132 1804 1462 1848 Divinationem
1488 1805 1536 1846 in
1565 1804 1627 1862 Q.

366 1872 610 1918 Caecilium
629 1903 642 1924 ,
671 1871 726 1913 ad
755 1874 992 1916 Actionem
1019 1874 1212 1930 primam
1241 1874 1290 1914 in
1327 1873 1540 1927 Verrem,
1572 1873 1630 1916 ad

366 1941 675 1987 Catilinariam
704 1940 974 1995 secundam,
1006 1941 1061 1984 ad
1093 1941 1398 1986 Catilinariam
1427 1945 1629 1995 tertiam,

363 2010 423 2054 ad
450 2008 760 2053 Catilinariam
799 2020 1032 2068 quartam,
1063 2009 1120 2052 ad
1154 2011 1280 2067 Orat.
1312 2027 1400 2070 pro
1429 2010 1630 2063 Ligario,

296 2084 300 2091 ¹
366 2078 425 2122 ad
452 2080 579 2120 Orat.
608 2093 695 2137 pro
713 2078 779 2121 M.
791 2077 1033 2130 Marcello,
1063 2079 1120 2122 ad
1148 2082 1277 2123 Orat.
1303 2095 1389 2139 pro
1403 2075 1629 2133 Dejotaro,

368 2148 426 2191 ad
455 2148 582 2191 Orat.
612 2161 699 2207 pro
717 2146 880 2189 Roscio
912 2147 1151 2199 Amerino,
1183 2149 1240 2191 ad
1260 2150 1388 2191 Orat.
1419 2162 1505 2206 pro
1533 2149 1625 2191 Le-

366 2233 421 2274 ge
451 2216 666 2269 Manilia,
695 2215 752 2259 ad
783 2218 910 2259 Orat.
941 2233 1028 2278 pro
1062 2219 1263 2266 Milonet
1311 2216 1389 2259 sed
1419 2229 1524 2259 vero
1565 2218 1629 2259 ita

369 2284 532 2332 servati
561 2297 679 2339 sunt,
704 2297 754 2328 ut
779 2285 835 2329 ad
863 2286 967 2329 alias
986 2290 1206 2332 orationes
1223 2288 1395 2330 initium
1411 2319 1425 2342 ,
1448 2287 1500 2330 ad
1525 2287 1630 2330 alias

371 2357 477 2401 finis
530 2354 961 2404 Commentariorum
1015 2359 1329 2413 desideretur3
1385 2370 1479 2402 tum
1528 2373 1636 2403 vero

370 2426 503 2469 etiam
549 2423 713 2481 passim
758 2424 820 2466 ita
853 2427 1024 2470 confusi
1072 2426 1352 2486 mutilatique
1401 2439 1504 2471 sunt
1523 2459 1536 2480 ,
1583 2436 1635 2467 ut

377 2496 483 2557 quid
518 2495 605 2538 sihi
637 2494 743 2540 velit
775 2495 1027 2560 interpres,
1056 2496 1190 2557 plane
1220 2511 1312 2541 non
1347 2495 1637 2551 intelligatur.

1508 2565 1549 2620 §-
1583 2562 1625 2609 50
