1945 3384
339 227 419 285 194
505 227 639 274 CAP.
667 228 746 276 VI.
803 231 881 277 DE
922 233 1135 294 ANTIQ.
1182 234 1458 281 INTERPR.

349 371 428 411 eo,
481 359 606 415 quod
638 366 712 400 est
751 358 918 411 aliter,
959 360 1145 405 dictum
1177 361 1278 406 esse
1305 363 1606 420 fateamur-‚³¹

348 428 417 476 ‚At
451 443 605 471 vereor
636 436 687 468 ut
723 428 808 472 iste
842 427 1020 473 Charisi
1060 428 1185 474 locus
1219 433 1277 476 sit
1314 434 1416 477 satis
1454 451 1609 488 sanus,

351 511 566 543 necvero
595 495 757 541 dubito
782 496 897 556 quin
925 490 1294 562 interpunctione
1319 501 1492 547 laboret
1508 538 1521 559 ,
1550 506 1610 546 ita

349 563 466 613 forte
498 564 830 611 restituendum
874 568 958 619 ubi
984 569 1061 612 Fl.
1088 570 1236 628 Caper
1267 575 1324 618 de
1357 575 1611 621 Latinita-

350 641 424 676 te.-
453 650 543 677 non
570 637 731 680 ausim
766 636 1004 697 affirmare
1037 638 1160 683 alias
1180 657 1276 699 pro
1307 646 1450 688 aliter
1478 644 1579 686 dici
1595 660 1611 683 .-

294 716 298 721 ·
344 714 398 746 ut
439 704 684 749 Charisius
722 706 879 753 citasse
923 705 1129 753 videatur
1182 713 1320 771 Capri
1374 711 1515 757 libros
1559 710 1615 754 de

346 774 621 830 Latinitate,
680 791 790 836 quos
837 775 957 820 idem
999 778 1260 822 citat‘alibi
1280 811 1295 832 ,
1338 798 1397 841 ·p.
1431 782 1527 825 186.
1557 781 1614 824 4.

270 899 273 901 -
347 873 383 896 „
413 845 701 887 Novissime.
765 846 880 886 Tiro
909 846 959 887 in
993 846 1237 903 Pandecte
1270 857 1518 888 noar-ecte
1544 848 1618 887 ait

347 911 450 953 dici
465 941 479 963 ,
525 911 792 968 adjicitque
828 911 956 968 quod
996 927 1083 956 sua
1126 912 1338 970 coeperit
1374 923 1532 958 aetate
1565 915 1617 958 id

344 979 621 1024 adverbium
635 998 657 1032 ,·
712 980 795 1024 ubi
839 983 928 1027 ..FL
981 981 1139 1038 Caper
1200 983 1258 1026 de
1311 984 1617 1027 Latinitate.-

344 1046 504 1092 Μίνω·
525 1081 539 1103 ,
592 1050 767 1107 {inquit
790 1081 804 1104 ,
862 1051 916 1092 id
970 1051 1146 1109 dixisse
1209 1052 1455 1107 Tironem,
1511 1069 1618 1096 eum
1644 1096 1651 1101 ,

352 1118 406 1162 V
400 1119 463 1160 al.
489 1119 673 1162 Antias
714 1119 831 1172 libro
857 1121 1090 1164 secundo:
1118 1122 1284 1175 Mater
1313 1137 1420 1164 cum
1455 1123 1613 1163 novis-

351 1187 469 1229 sime
494 1196 814 1242 aegrotasset,
845 1191 1026 1246 inquit,
1056 1191 1244 1233 vovisse
1262 1187 1485 1245 firtur.’'
1530 1189 1617 1232 Eo-

351 1253 456 1296 dem
494 1256 595 1309 jure
632 1253 798 1299 dixeris
827 1255 1026 1317 Capram
1053 1258 1283 1316 scripsisse
1320 1257 1610 1302 Commenta-

346 1321 438 1365 rios
464 1321 521 1364 ad
556 1324 738 1370 Tironis
772 1322 1042 1372 Pandectas.
1105 1326 1320 1383 Suspicor
1353 1326 1489 1384 igitur
1519 1330 1610 1372 Ca-

350 1408 486 1450 prum
512 1409 606 1436 non
636 1394 740 1437 data
769 1408 906 1451 opera
936 1396 1201 1456 Terentium
1236 1395 1502 1452 illustrasse,
1532 1398 1611 1441 sed

350 1463 546 1506 subinde
575 1462 623 1505 in
652 1463 780 1509 libris
811 1466 869 1508 de
891 1463 1162 1508 Latinitate
1196 1463 1252 1507 de
1275 1463 1473 1522 plurium
1505 1482 1614 1509 auc-

354 1545 502 1583 torum
522 1534 632 1579 loeis
659 1534 924 1596 disputasse.
979 1534 1181 1576 Fortasse
1201 1531 1620 1578 idemstatuendum

348 1606 407 1647 sit
433 1602 491 1647 de
501 1605 892 1664 ⁵interpretatione
919 1602 1093 1658 Plauti,
1124 1602 1387 1660 Asellionis,
1420 1605 1620 1648 aliorum.

922 1747 967 1802 §-
1023 1760 1064 1802 9,

626 1886 939 1940 Annae'aus
988 1883 1343 1927 Cornutus.

405 2027 470 2069 De
501 2025 691 2070 Annaeo
731 2024 961 2078 Cornum,
998 2041 1109 2083 quae
1148 2024 1343 2069 dicenda
1373 2025 1614 2078 hahemus,

349 2095 471 2139 infra
511 2094 735 2145 dicemus,
781 2094 860 2136 ubi
892 2096 1150 2155 *exposituri
1201 2110 1349 2138 sumus
1391 2092 1448 2135 de
1480 2093 1618 2137 Persii

351 2164 626 2209 Scholiastis.
685 2164 873 2207 Interim
911 2163 967 2207 ad
998 2164 1120 2208 hunc
1148 2177 1329 2222 quoque
1363 2160 1509 2204 locum
1536 2163 1612 2226 ip·

349 2235 442 2276 sius
490 2233 658 2277 mentio
710 2231 918 2275 facienda
970 2243 1036 2276 est
1062 2260 1080 2286 ,
1137 2229 1503 2290 quandoquidem
1557 2232 1614 2273 sit

350 2302 574 2364 quaedam
607 2302 754 2355 fama,
784 2305 866 2347 etsi
902 2304 1011 2348 levis
1045 2300 1159 2355 illa,
1204 2317 1315 2360 quae
1347 2301 1612 2358 pronuntiet

323 2386 330 2391 '
350 2378 605 2420 Cornutum
628 2372 853 2428 scripsisse
882 2371 1237 2420 Commentarios
1257 2372 1303 2413 in
1334 2369 1611 2412 Terentium.

348 2445 507 2490 Fama.
538 2443 748 2499 inquam,
777 2437 915 2493 levis3
950 2456 1042 2484 non
1068 2439 1232 2484 diserta
1248 2438 1457 2484 Veterum
1476 2453 1607 2480 men-

349 2506 450 2557 tios‘
484 2509 614 2557 Vidit
642 2518 687 2552 et
719 2507 806 2550 hoc
836 2508 964 2552 Doct-
1005 2507 1062 2552 de
1095 2510 1280 2554 Martini
1310 2509 1358 2551 in
1390 2508 1608 2616 Disputat.

1584 2589 1605 2616 e
