1945 3384
443 287 837 338 'MwTULL'II
886 284 1308 333 CICERONIS.
1453 285 1535 332 153

784 498 786 500 ·
828 484 871 538 ς).
931 481 971 523 5.

273 620 552 667 MARms
595 617 859 663 FABIUS
907 583 1388 661 vtc'ro'ntNUS.
1434 612 1526 672 (*)

328 756 551 805 Victorini
583 768 746 796 nomen
779 749 900 810 apud
936 766 1034 804 θος,
1075 751 1154 809 qui
1188 751 1246 795 de
1279 753 1530 796 illustribus
1572 774 1575 779 Α

275 827 500 871 Ecclesiae
528 822 821 884 scriptoribus
837 832 1154 878 exposuerunt,
1174 822 1533 882 frequentissime

275 892 567 938 memoratum
584 891 822 949 reperitur.
852 890 1011 949 Neque
1037 902 1184 937 tamen
1201 909 1293 937 nou
1310 891 1536 938 Victorini

275 965 444 1007 mentio
481 966 600 1005 inter
644 960 873 1008 Ciceronis
909 960 1291 1006 Commentatores
1324 966 1424 1019 jure
1454 977 1535 1004 suo

275 1032 423 1075 locum
457 1031 543 1073 sibi
584 1029 812 1072 vindicare
840 1028 1031 1072 videtur.
1089 1030 1244 1075 Exstat
1284 1033 1404 1075 enim
1444 1030 1532 1073 hoc

276 1101 455 1144 nomine
486 1098 839 1142 Commentarius
867 1099 917 1141 in
945 1100 1011 1142 M.
1042 1100 1100 1141 Τ.
1131 1099 1360 1150 Ciceronis
1388 1099 1531 1144 libros

273 1168 574 1222 Rhetoricos,
621 1166 678 1210 de
724 1183 814 1226 quo
864 1165 1122 1225 hujusmodi
1166 1167 1388 1224 judicium
1431 1170 1536 1212 tulit

274 1236 479 1280 Barthius
514 1236 631 1280 Adv.
662 1238 713 1278 L.
735 1237 950 1282 XXXVI.
982 1252 1021 1280 c.
1040 1254 1079 1281 ι.
1128 1269 1159 1293 ,,
1189 1238 1382 1284 Veteris
1418 1238 1533 1283 Cri-

279 1308 401 1350 ticae
430 1307 564 1363 apud
583 1307 811 1360 Latinos,
842 1322 952 1350 nam
980 1307 1270 1352 Graecorum
1296 1310 1389 1352 Ῐιαο
1412 1310 1461 1353 in
1483 1324 1538 1351 re

1440 1391 1535 1421 non

321 1499 402 1543 (*)
433 1498 491 1533 De
517 1499 666 1534 nomine
694 1498 786 1535 haec
805 1498 875 1536 ha·
920 1498 954 1534 ci
1002 1495 1217 1546 Hieronymi
1273 1495 1313 1532 in
1359 1497 1531 1533 Prooem.

275 1555 341 1591 bot
357 1557 524 1594 Barthius
540 1557 632 1594 Adv.
647 1559 683 1593 L.
697 1559 876 1606 XXXVI.
916 1556 1131 1591 Comment.
1168 1555 1208 1588 in
1244 1553 1312 1600 Ep.
1343 1553 1448 1588 Pauli
1485 1553 1534 1589 ad

277 1626 306 1649 c⁴
333 1628 362 1651 1.
399 1642 422 1661 „
447 1617 588 1654 Titulus
614 1624 670 1653 est
688 1630 798 1653 unu.
822 1631 881 1653 n·

276 1685 332 1707 ΒΗ.
357 1686 532 1710 vro-roimu-
596 1677 709 1725 Quem
734 1688 807 1724 pro
840 1688 882 1712 eo

279 1744 366 1768 aevo
383 1759 395 1778 ‚
430 1746 500 1782 quo
538 1735 747 1772 Victorinus
774 1726 886 1785 fnit,

277 1791 421 1827 turbato
443 1791 525 1838 jam
550 1793 799 1831 Romanorum
815 1807 884 1831 no·

279 1848 409 1884 minum
439 1849 589 1894 ordine,
624 1864 690 1890 cut·
715 1853 884 1900 repudie-

279 1918 356 1942 mus
398 1919 471 1942 non
507 1909 624 1945 video.
703 1912 774 1947 Est
802 1912 879 1953 alia

279 1965 380 2012 apud
409 1978 475 2001 nos
496 1966 634 2013 editio,
666 1981 742 2004 nu
768 1982 880 2018 prae·

256 2024 449 2071 *scriptum
474 2024 628 2068 habens,
654 2033 692 2063 et
713 2040 797 2066 cum
821 2031 881 2068 A·

265 2082 340 2129 fir
372 2083 421 2117 ab
452 2084 678 2134 Hieronymo
722 2087 792 2129 [de
827 2088 884 2126 Ill.

277 2139 361 2175 Eccl
396 2139 521 2190 Script.
552 2154 579 2180 c.
609 2150 706 2187 ιοι.]
743 2151 785 2182 εἴ
806 2147 887 2182 Ha·

257 2232 261 2236 Α
279 2199 384 2235 ηονῖο
411 2199 481 2242 [de
498 2200 553 2237 111.
571 2202 660 2239 Eccl¹
685 2203 815 2253 Script.
839 2204 886 2241 ad

282 2268 303 2290 a
337 2265 435 2300 πα]
459 2260 519 2295 bic
540 2263 696 2310 scrtplor
715 2262 884 2309 dicatur,

266 2313 452 2360 fortassis
486 2319 570 2355 inde
603 2334 691 2357 nnn
727 2333 879 2366 nomen,

282 2370 330 2404 ob
361 2374 619 2421 Quintilianum
632 2404 642 2421 ‚
673 2379 885 2416 Rhetorico·

281 2441 362 2464 rum
400 2436 685 2481 exscriptoribus
727 2441 846 2476 notius
872 2467 884 2486 ‚

285 2491 409 2521 natum
432 2490 530 2525 est.”‘
563 2492 679 2532 Miror
695 2498 886 2536 Barthium

252 2589 258 2597 η
282 2537 420 2580 nullam
446 2547 668 2589 mentionem
690 2555 817 2595 secisse
832 2558 887 2596 10-

927 1611 1077 1648 Galatas
1103 1624 1141 1659 p.
1158 1621 1232 1646 222.
1258 1608 1323 1645 ubi
1344 1609 1533 1648 Victorino

928 1669 1103 1708 tribuitur
1129 1668 1355 1720 praenom‘en
1382 1682 1464 1705 ein.
1486 1687 1533 1699 —

929 1730 1124 1767 Praeterea
1159 1727 1340 1766 Victorini
1377 1729 1537 1767 nomini·

929 1789 1000 1824 bus
1014 1801 1201 1824 minumum
1218 1802 1355 1825 nomen
1372 1789 1538 1839 interpo-

930 1849 1040 1886 situm
1085 1860 1166 1885 esse
1196 1862 1218 1885 a
1257 1849 1456 1886 sirmondo*
1487 1851 1536 1887 ad

924 1908 963 1944 L.
991 1909 1020 1945 I.
1061 1908 1175 1957 Epist.
1211 1909 1388 1953 Ennodii,
1431 1915 1537 1945 notat

924 1966 1115 2004 Fabricius
1156 1967 1195 2004 in
1233 1966 1322 2003 Bibl.
1355 1967 1455 2004 Med.
1498 1972 1538 2002 et

926 2024 993 2061 Inf.
1032 2026 1110 2063 Lat.
1157 2027 1240 2066 Vol.
1281 2026 1348 2063 VI.
1386 2038 1423 2074 p.
1454 2028 1533 2073 819.

931 2083 997 2131 qui
1038 2084 1210 2133 opinatur
1244 2084 1366 2134 ipsum
1407 2083 1535 2119 fecisse

931 2141 1003 2178 hoc
1037 2154 1083 2179 ex
1114 2141 1311 2179 Codicibus
1349 2139 1536 2196 antiquis,

931 2214 1024 2250 quos
1053 2209 1177 2238 tamen
1208 2215 1285 2239 non
1314 2200 1541 2240 indicaverit.

928 2258 1089 2296 Notante
1111 2259 1243 2297 eodem
1264 2259 1434 2298 Fabricio
1466 2261 1491 2300 L
1509 2275 1539 2300 c.

928 2330 967 2367 p.
992 2323 1068 2355 820.
1099 2318 1296 2358 Putschius
1330 2321 1370 2358 in
1404 2323 1541 2361 Gram-

929 2382 1017 2413 mat.
1037 2377 1169 2416 veter.
1195 2386 1254 2429 [p.
1276 2383 1382 2430 1939]
1418 2380 1537 2430 ipsum

929 2447 1126 2485 perperam
1154 2439 1297 2480 vocavit
1329 2440 1535 2477 Maximum

930 2494 1178 2539 Victorinum.

931 2621 973 2665 v
