1945 3384
346 308 1294 367 .M.TULL11C1CER0NIs
1386 308 1463 368 ιῆ

756 519 898 572 §2-

336 666 824 718 SCHOLIASTA
881 659 1290 709 ANONYMUS

442 839 555 878 QUI
604 842 635 870 A
683 836 914 871 VOSSIO
957 836 1234 867 DICITUR

199 958 746 1029 vULcATIus
836 972 1462 1031 GALLICANUffl

251 1186 448 1229 Vulcatii
493 1198 656 1226 nomen
675 1214 689 1236 ,
729 1198 820 1226 non
855 1182 1043 1226 dubium
1084 1193 1150 1226 est
1196 1185 1307 1242 quin
1341 1183 1462 1224 inter

197 1254 425 1298 Ciceronis
458 1253 724 1310 interpretes
760 1254 860 1307 jure
893 1268 972 1295 suo
1001 1251 1462 1295 commemorationem

197 1333 435 1366 mereatur.
495 1319 788 1380 Hieronymus
822 1323 944 1380 enim
982 1323 1131 1380 ipsum
1171 1323 1462 1365 Commenta-

194 1395 282 1435 rios
311 1394 359 1433 in
394 1391 626 1434 Orationes
656 1392 884 1435 Ciceronis
912 1392 1140 1448 scripsisse
1175 1391 1277 1431 satis
1307 1389 1457 1430 mani-

193 1460 304 1503 feste
341 1457 560 1514 declarat,
601 1460 701 1509 loco
740 1458 819 1503 illo
857 1458 1045 1503 notabili
1088 1461 1138 1502 in
1176 1458 1312 1516 Apol.
1355 1458 1457 1502 adv.-

192 1531 344 1572 Rufin.
376 1523 429 1571 L'.
452 1529 489 1570 Ι.
521 1545 568 1585 p.
597 1532 694 1585 567.
755 1560 786 1583 ‚‚
819 1532 946 1573 Puto
981 1531 1105 1587 qzqod
1132 1543 1262 1585 puer
1287 1529 1460 1584 legeris

194 1598 351 1654 Aspri
385 1598 436 1638 in
476 1597 530 1640 V
525 1598 741 1653 irgc’liam
771 1607 821 1639 et
864 1599 1129 1640 Salustium
1159 1596 1459 1639 Commenta-

197 1668 329 1716 rios;
374 1664 428 1708 V
423 1658 593 1707 ulcdtii
635 1664 684 1707 in
731 1664 985 1706 Orationes
1035 1665 1329 1708 Ciceronis.'’
1395 1665 1462 1706 De

194 1732 388 1778 Vulcatii
411 1733 769 1787 Commentariis,
810 1732 1179 1793 quandoquidem
1203 1742 1249 1775 et
1270 1731 1339 1776 vel
1370 1747 1461 1775 no-

196 1801 316 1842 mina
338 1800 584 1854 ignoremus
606 1803 891 1853 Orationum,
924 1800 979 1842 ad
1007 1816 1114 1857 quas
1137 1803 1344 1861 scripsit,
1377 1804 1456 1844 ni-

195 1867 261 1910 hil
282 1868 463 1910 omnino
487 1883 743 1926 superesse,
769 1867 960 1924 vulgaris
976 1870 1191 1915 Virorum
1216 1873 1458 1914 Doctorum

195 1936 348 1993 opinio
374 1937 664 1982 existimavit:
695 1939 869 1980 Isaacus
910 1937 1090 1982 Vossius
1129 1956 1235 1984 vero
1254 1974 1267 1990 ,
1297 1941 1377 1983 ubi
1412 1944 1462 1985 in

196 2006 414 2049 ditissima
437 2022 513 2049 sua
544 2009 777 2052 MStorum
813 2024 936 2067 penu
965 2010 1203 2066 reperisset
1223 2009 1452 2064 fragmen-

196 2069 293 2115 tum
320 2072 500 2131 aliquod
531 2075 964 2121 Commentariorum
998 2078 1054 2120 ad
1091 2070 1318 2122 Ciceronis
1347 2094 1455 2120 ora-

200 2139 357 2193 tiones,
378 2157 478 2185 mox
505 2145 590 2185 sibi
618 2147 732 2187 visus
759 2159 824 2188 est
850 2146 1068 2189 detexisse
1089 2147 1361 2201 Vulcatium,-
1391 2148 1458 2190 il-

196 2208 290 2252 lum
320 2211 398 2269 qui
426 2213 480 2254 ab
522 2214 789 2272 Hieronymo
829 2203 975 2259 d‘ictus
1015 2228 1127 2259 esset
1163 2216 1460 2273 Commenta*

199 2279 287 2318 rios
325 2282 373 2321 in
412 2281 638 2326 Ciceronis
689 2284 925 2327 Orationes
975 2283 1218 2344 scripsisse.
1285 2286 1459 2328 Novum

198 2345 331 2399 igitur
381 2351 494 2396 illud
551 2353 859 2414 qualecunque
901 2355 1135 2397 inventum
1181 2365 1232 2395 ut
1278 2357 1462 2400 Vossius

200 2429 299 2457 cum
334 2418 560 2468 Gronovio
600 2435 644 2467 et
680 2423 870 2468 Graevio
916 2423 1284 2476 communicavit,
1327 2437 1456 2468 uter-

202 2499 287 2547 ‘1¹³⁶
327 2488 539 2544 (widem,
578 2505 627 2535 ut
668 2494 876 2544 videtur,
917 2494 1140 2537 dubitavit
1174 2493 1286 2536 illud
1328 2495 1456 2550 frag*

197 2563 395 2617 *mentum
438 2558 641 2620 Vulcatio
685 2565 911 2621 tribuere,
954 2564 1034 2609 sed
1088 2564 1269 2621 dignum
1310 2567 1457 2611 tamen

902 2637 942 2675 Τ
975 2651 997 2676 2
1045 2644 1050 2649 “
1344 2647 1456 2674 cen-
