<?xml version="1.0" encoding="UTF-8"?>
<!DOCTYPE html PUBLIC "-//W3C//DTD XHTML 1.0 Transitional//EN"
    "http://www.w3.org/TR/xhtml1/DTD/xhtml1-transitional.dtd">
<html xmlns="http://www.w3.org/1999/xhtml" xml:lang="en" lang="en">
 <head>
  <title>
</title>
<meta http-equiv="Content-Type" content="text/html;charset=utf-8" />
  <meta name='ocr-system' content='tesseract 3.04.00' />
  <meta name='ocr-capabilities' content='ocr_page ocr_carea ocr_par ocr_line ocrx_word'/>
</head>
<body>
  <div class='ocr_page' id='page_1' title='image "4737872_0106.png"; bbox 0 0 1945 3384; ppageno 0'>
   <div class='ocr_carea' id='block_1_1' title="bbox 705 240 1577 301">
    <p class='ocr_par' dir='ltr' id='par_1_1' title="bbox 705 240 1577 301">
     <span class='ocr_line' id='line_1_1' title="bbox 705 240 1577 301; baseline -0.008 -9"><span class='ocrx_word' id='word_1_1' title='bbox 705 240 1264 292; x_wconf 53' lang='lat' dir='ltr'><strong>’I&#39;E&#39;RssdN&#39;1&#39;11.2&gt;</strong></span> <span class='ocrx_word' id='word_1_2' title='bbox 1323 248 1327 252; x_wconf 85' lang='grc'><strong>’</strong></span> <span class='ocrx_word' id='word_1_3' title='bbox 1521 242 1577 301; x_wconf 71' lang='grc'><strong>89</strong></span> 
     </span>
    </p>
   </div>
   <div class='ocr_carea' id='block_1_2' title="bbox 293 362 1586 2567">
    <p class='ocr_par' dir='ltr' id='par_1_2' title="bbox 328 362 1586 1099">
     <span class='ocr_line' id='line_1_2' title="bbox 339 362 1585 426; baseline -0.003 -11"><span class='ocrx_word' id='word_1_4' title='bbox 339 369 398 415; x_wconf 76' lang='lat' dir='ltr'><strong>ba</strong></span> <span class='ocrx_word' id='word_1_5' title='bbox 442 384 536 416; x_wconf 83' lang='lat' dir='ltr'><strong>esse</strong></span> <span class='ocrx_word' id='word_1_6' title='bbox 582 371 820 426; x_wconf 79' lang='lat' dir='ltr'><strong>corrupta,</strong></span> <span class='ocrx_word' id='word_1_7' title='bbox 842 365 1062 424; x_wconf 61' lang='lat' dir='ltr'><strong>:legique</strong></span> <span class='ocrx_word' id='word_1_8' title='bbox 1094 366 1302 420; x_wconf 63' lang='lat' dir='ltr'><strong>oportere</strong></span> <span class='ocrx_word' id='word_1_9' title='bbox 1336 376 1389 405; x_wconf 59' lang='grc' dir='ltr'><strong>Β.</strong></span> <span class='ocrx_word' id='word_1_10' title='bbox 1410 362 1585 407; x_wconf 63' lang='lat' dir='ltr'><strong>Denuo</strong></span> 
     </span>
     <span class='ocr_line' id='line_1_3' title="bbox 344 432 1581 494; baseline -0.006 -11"><span class='ocrx_word' id='word_1_11' title='bbox 344 439 481 494; x_wconf 82' lang='lat' dir='ltr'><strong>Quod</strong></span> <span class='ocrx_word' id='word_1_12' title='bbox 502 436 706 481; x_wconf 74' lang='lat' dir='ltr'><strong>claudm-</strong></span> <span class='ocrx_word' id='word_1_13' title='bbox 722 437 791 478; x_wconf 70' lang='lat' dir='ltr'><strong>eit</strong></span> <span class='ocrx_word' id='word_1_14' title='bbox 806 435 1059 481; x_wconf 73' lang='lat' dir='ltr'><strong>·Vulcanu⁸</strong></span> <span class='ocrx_word' id='word_1_15' title='bbox 1083 432 1243 476; x_wconf 73' lang='lat' dir='ltr'><strong>dictus</strong></span> <span class='ocrx_word' id='word_1_16' title='bbox 1265 432 1431 476; x_wconf 75' lang='lat' dir='ltr'><strong>Poetis</strong></span> <span class='ocrx_word' id='word_1_17' title='bbox 1450 434 1581 477; x_wconf 78' lang='lat' dir='ltr'><em>Mul-</em></span> 
     </span>
     <span class='ocr_line' id='line_1_4' title="bbox 336 500 1579 563; baseline -0.001 -17"><span class='ocrx_word' id='word_1_18' title='bbox 336 508 485 560; x_wconf 81' lang='lat' dir='ltr'><strong>ciber,</strong></span> <span class='ocrx_word' id='word_1_19' title='bbox 516 518 655 563; x_wconf 84' lang='lat' dir='ltr'><strong>quum</strong></span> <span class='ocrx_word' id='word_1_20' title='bbox 675 502 727 541; x_wconf 89' lang='lat' dir='ltr'><strong>in</strong></span> <span class='ocrx_word' id='word_1_21' title='bbox 745 501 914 542; x_wconf 67' lang='lat' dir='ltr'><strong>‚Donati</strong></span> <span class='ocrx_word' id='word_1_22' title='bbox 943 502 1277 543; x_wconf 80' lang='lat' dir='ltr'><strong>Commentariis</strong></span> <span class='ocrx_word' id='word_1_23' title='bbox 1302 500 1579 562; x_wconf 83' lang='lat' dir='ltr'><strong>haec&#39;repe-</strong></span> 
     </span>
     <span class='ocr_line' id='line_1_5' title="bbox 334 567 1586 628; baseline -0.006 -9"><span class='ocrx_word' id='word_1_24' title='bbox 334 576 532 619; x_wconf 81' lang='lat' dir='ltr'><strong>riantur:</strong></span> <span class='ocrx_word' id='word_1_25' title='bbox 562 569 651 612; x_wconf 86' lang='lat' dir='ltr'><strong>·.Et</strong></span> <span class='ocrx_word' id='word_1_26' title='bbox 679 567 787 610; x_wconf 81' lang='lat' dir='ltr'><strong>inde</strong></span> <span class='ocrx_word' id='word_1_27' title='bbox 812 568 1044 613; x_wconf 81' lang='lat' dir='ltr'><em>Mulciber</em></span> <span class='ocrx_word' id='word_1_28' title='bbox 1074 567 1129 613; x_wconf 90' lang='lat' dir='ltr'><em>V</em></span> <span class='ocrx_word' id='word_1_29' title='bbox 1122 568 1337 622; x_wconf 64' lang='lat' dir='ltr'><strong>wlcanus,</strong></span> <span class='ocrx_word' id='word_1_30' title='bbox 1368 572 1494 628; x_wconf 71' lang='lat' dir='ltr'><strong>quod</strong></span> <span class='ocrx_word' id='word_1_31' title='bbox 1518 572 1586 615; x_wconf 71' lang='lat' dir='ltr'><strong>,sit</strong></span> 
     </span>
     <span class='ocr_line' id='line_1_6' title="bbox 332 636 1585 697; baseline -0.003 -10"><span class='ocrx_word' id='word_1_32' title='bbox 332 642 581 687; x_wconf 74' lang='lat' dir='ltr'><strong>mutilatus</strong></span> <span class='ocrx_word' id='word_1_33' title='bbox 600 653 659 680; x_wconf 81' lang='lat' dir='ltr'><strong>ac</strong></span> <span class='ocrx_word' id='word_1_34' title='bbox 685 638 881 693; x_wconf 73' lang='lat' dir='ltr'><strong>debilis,</strong></span> <span class='ocrx_word' id='word_1_35' title='bbox 910 639 964 682; x_wconf 78' lang='lat' dir='ltr'><strong>id</strong></span> <span class='ocrx_word' id='word_1_36' title='bbox 986 647 1059 681; x_wconf 72' lang='lat' dir='ltr'><strong>est</strong></span> <span class='ocrx_word' id='word_1_37' title='bbox 1082 636 1308 681; x_wconf 70' lang='lat' dir='ltr'><strong>claudas:</strong></span> <span class='ocrx_word' id='word_1_38' title='bbox 1338 654 1449 681; x_wconf 82' lang='lat' dir='ltr'><strong>nam</strong></span> <span class='ocrx_word' id='word_1_39' title='bbox 1464 655 1585 697; x_wconf 63' lang='lat' dir='ltr'><strong>pro⁴</strong></span> 
     </span>
     <span class='ocr_line' id='line_1_7' title="bbox 328 705 1580 768; baseline -0.001 -15"><span class='ocrx_word' id='word_1_40' title='bbox 328 711 435 768; x_wconf 83' lang='lat' dir='ltr'><strong>prie</strong></span> <span class='ocrx_word' id='word_1_41' title='bbox 468 705 702 752; x_wconf 81' lang='lat' dir='ltr'><strong><em>Mulciber</em></strong></span> <span class='ocrx_word' id='word_1_42' title='bbox 735 708 894 763; x_wconf 52' lang='lat' dir='ltr'><strong>dictus</strong></span> <span class='ocrx_word' id='word_1_43' title='bbox 926 718 1023 759; x_wconf 69' lang='lat' dir='ltr'><strong>est„</strong></span> <span class='ocrx_word' id='word_1_44' title='bbox 1066 707 1191 766; x_wconf 83' lang='lat' dir='ltr'><strong>quod</strong></span> <span class='ocrx_word' id='word_1_45' title='bbox 1220 707 1375 750; x_wconf 79' lang='lat' dir='ltr'><strong>omnia</strong></span> <span class='ocrx_word' id='word_1_46' title='bbox 1404 709 1580 752; x_wconf 82' lang='lat' dir='ltr'><strong>mulce-</strong></span> 
     </span>
     <span class='ocr_line' id='line_1_8' title="bbox 333 775 1582 835; baseline 0 -14"><span class='ocrx_word' id='word_1_47' title='bbox 333 785 415 831; x_wconf 85' lang='lat' dir='ltr'><strong>at,</strong></span> <span class='ocrx_word' id='word_1_48' title='bbox 455 776 511 821; x_wconf 82' lang='lat' dir='ltr'><strong>id</strong></span> <span class='ocrx_word' id='word_1_49' title='bbox 532 783 630 825; x_wconf 73' lang='lat' dir='ltr'><strong>est,</strong></span> <span class='ocrx_word' id='word_1_50' title='bbox 659 778 1133 823; x_wconf 77' lang='lat' dir='ltr'><strong>molliat&#39;ac-vincat.</strong></span> <span class='ocrx_word' id='word_1_51' title='bbox 1201 775 1423 835; x_wconf 77' lang='lat' dir='ltr'><strong>Equidem</strong></span> <span class='ocrx_word' id='word_1_52' title='bbox 1442 810 1456 831; x_wconf 85' lang='lat'>‚</span> <span class='ocrx_word' id='word_1_53' title='bbox 1497 779 1582 822; x_wconf 89' lang='lat' dir='ltr'><strong>etsi</strong></span> 
     </span>
     <span class='ocr_line' id='line_1_9' title="bbox 330 844 1581 905; baseline -0.001 -15"><span class='ocrx_word' id='word_1_54' title='bbox 330 864 423 890; x_wconf 88' lang='lat' dir='ltr'><strong>non</strong></span> <span class='ocrx_word' id='word_1_55' title='bbox 463 845 631 889; x_wconf 84' lang='lat' dir='ltr'><strong>infitias</strong></span> <span class='ocrx_word' id='word_1_56' title='bbox 679 844 835 889; x_wconf 81' lang='lat' dir='ltr'><strong>iverim</strong></span> <span class='ocrx_word' id='word_1_57' title='bbox 878 847 1124 905; x_wconf 84' lang='lat' dir='ltr'><strong>Eugraphii</strong></span> <span class='ocrx_word' id='word_1_58' title='bbox 1170 847 1306 890; x_wconf 85' lang='lat' dir='ltr'><strong>verba</strong></span> <span class='ocrx_word' id='word_1_59' title='bbox 1339 863 1364 890; x_wconf 92' lang='lat' dir='ltr'><strong>e</strong></span> <span class='ocrx_word' id='word_1_60' title='bbox 1407 849 1581 891; x_wconf 87' lang='lat' dir='ltr'><strong>Donato</strong></span> 
     </span>
     <span class='ocr_line' id='line_1_10' title="bbox 328 914 1579 975; baseline -0.002 -15"><span class='ocrx_word' id='word_1_61' title='bbox 328 932 456 974; x_wconf 84' lang='lat' dir='ltr'><strong>posse</strong></span> <span class='ocrx_word' id='word_1_62' title='bbox 503 914 762 972; x_wconf 78' lang='lat' dir='ltr'><strong>emendari,</strong></span> <span class='ocrx_word' id='word_1_63' title='bbox 816 932 908 960; x_wconf 89' lang='lat' dir='ltr'><strong>non</strong></span> <span class='ocrx_word' id='word_1_64' title='bbox 951 927 1100 960; x_wconf 88' lang='lat' dir='ltr'><strong>tamen</strong></span> <span class='ocrx_word' id='word_1_65' title='bbox 1123 914 1301 970; x_wconf 82' lang='lat' dir='ltr'><strong>&#39;video,</strong></span> <span class='ocrx_word' id='word_1_66' title='bbox 1347 915 1579 975; x_wconf 82' lang='lat' dir='ltr'><strong>utriusque</strong></span> 
     </span>
     <span class='ocr_line' id='line_1_11' title="bbox 328 982 1573 1035; baseline -0.002 -5"><span class='ocrx_word' id='word_1_67' title='bbox 328 987 465 1030; x_wconf 81' lang='lat' dir='ltr'><strong>verba</strong></span> <span class='ocrx_word' id='word_1_68' title='bbox 490 985 547 1028; x_wconf 84' lang='lat' dir='ltr'><strong>ad</strong></span> <span class='ocrx_word' id='word_1_69' title='bbox 579 1002 681 1029; x_wconf 90' lang='lat' dir='ltr'><strong>eum</strong></span> <span class='ocrx_word' id='word_1_70' title='bbox 706 985 888 1029; x_wconf 84' lang='lat' dir='ltr'><strong>modum</strong></span> <span class='ocrx_word' id='word_1_71' title='bbox 912 987 1032 1029; x_wconf 88' lang='lat' dir='ltr'><strong>inter</strong></span> <span class='ocrx_word' id='word_1_72' title='bbox 1060 1003 1105 1030; x_wconf 88' lang='lat' dir='ltr'><strong>se</strong></span> <span class='ocrx_word' id='word_1_73' title='bbox 1132 984 1399 1035; x_wconf 74' lang='lat' dir='ltr'><strong>convenire,</strong></span> <span class='ocrx_word' id='word_1_74' title='bbox 1424 995 1476 1028; x_wconf 85' lang='lat' dir='ltr'><strong>ut</strong></span> <span class='ocrx_word' id='word_1_75' title='bbox 1502 982 1573 1027; x_wconf 86' lang='lat' dir='ltr'><strong>al·-</strong></span> 
     </span>
     <span class='ocr_line' id='line_1_12' title="bbox 332 1054 1247 1102; baseline -0.002 -3"><span class='ocrx_word' id='word_1_76' title='bbox 332 1067 401 1099; x_wconf 85' lang='lat' dir='ltr'><strong>ter</strong></span> <span class='ocrx_word' id='word_1_77' title='bbox 425 1071 477 1098; x_wconf 87' lang='lat' dir='ltr'><strong>ex</strong></span> <span class='ocrx_word' id='word_1_78' title='bbox 507 1055 645 1097; x_wconf 78' lang='lat' dir='ltr'><strong>altero</strong></span> <span class='ocrx_word' id='word_1_79' title='bbox 674 1054 865 1102; x_wconf 78' lang='lat' dir='ltr'><strong>hausisse</strong></span> <span class='ocrx_word' id='word_1_80' title='bbox 902 1055 1148 1098; x_wconf 81' lang='lat' dir='ltr'><strong>censendus</strong></span> <span class='ocrx_word' id='word_1_81' title='bbox 1176 1056 1247 1098; x_wconf 87' lang='lat' dir='ltr'><strong>sit.</strong></span> 
     </span>
    </p>

    <p class='ocr_par' dir='ltr' id='par_1_3' title="bbox 293 1093 1582 2153">
     <span class='ocr_line' id='line_1_13' title="bbox 384 1093 1576 1185; baseline -0.003 -17"><span class='ocrx_word' id='word_1_82' title='bbox 384 1126 449 1168; x_wconf 84' lang='lat' dir='ltr'><strong>De</strong></span> <span class='ocrx_word' id='word_1_83' title='bbox 473 1126 642 1185; x_wconf 86' lang='lat' dir='ltr'><strong>pretio,</strong></span> <span class='ocrx_word' id='word_1_84' title='bbox 667 1122 797 1182; x_wconf 85' lang='lat' dir='ltr'><strong>quale</strong></span> <span class='ocrx_word' id='word_1_85' title='bbox 818 1121 1077 1176; x_wconf 83' lang='lat' dir='ltr'><strong>habendum</strong></span> <span class='ocrx_word' id='word_1_86' title='bbox 1093 1123 1151 1165; x_wconf 86' lang='lat' dir='ltr'><strong>sit</strong></span> <span class='ocrx_word' id='word_1_87' title='bbox 1171 1122 1434 1179; x_wconf 81' lang='lat' dir='ltr'><strong>Eugraphii</strong></span> <span class='ocrx_word' id='word_1_88' title='bbox 1439 1093 1576 1168; x_wconf 84' lang='lat' dir='ltr'><strong>Com-</strong></span> 
     </span>
     <span class='ocr_line' id='line_1_14' title="bbox 323 1190 1582 1253; baseline 0 -17"><span class='ocrx_word' id='word_1_89' title='bbox 323 1194 566 1236; x_wconf 87' lang='lat' dir='ltr'><strong>mentariis.</strong></span> <span class='ocrx_word' id='word_1_90' title='bbox 590 1192 777 1236; x_wconf 81' lang='lat' dir='ltr'><strong>aliorum</strong></span> <span class='ocrx_word' id='word_1_91' title='bbox 802 1191 1067 1250; x_wconf 83' lang='lat' dir='ltr'><strong>sententiam</strong></span> <span class='ocrx_word' id='word_1_92' title='bbox 1091 1190 1259 1234; x_wconf 87' lang='lat' dir='ltr'><strong>referre</strong></span> <span class='ocrx_word' id='word_1_93' title='bbox 1283 1208 1477 1253; x_wconf 82' lang='lat' dir='ltr'><strong>neque03</strong></span> <span class='ocrx_word' id='word_1_94' title='bbox 1504 1211 1582 1239; x_wconf 88' lang='lat' dir='ltr'><strong>ne-</strong></span> 
     </span>
     <span class='ocr_line' id='line_1_15' title="bbox 324 1247 1573 1323; baseline 0.002 -18"><span class='ocrx_word' id='word_1_95' title='bbox 324 1278 396 1306; x_wconf 89' lang='lat' dir='ltr'><strong>mo</strong></span> <span class='ocrx_word' id='word_1_96' title='bbox 426 1263 688 1322; x_wconf 85' lang='lat' dir='ltr'><strong>quisquam,</strong></span> <span class='ocrx_word' id='word_1_97' title='bbox 719 1260 842 1320; x_wconf 83' lang='lat' dir='ltr'><strong>quod</strong></span> <span class='ocrx_word' id='word_1_98' title='bbox 868 1247 986 1313; x_wconf 83' lang='lat' dir='ltr'><strong>scio,</strong></span> <span class='ocrx_word' id='word_1_99' title='bbox 1015 1258 1072 1302; x_wconf 86' lang='lat' dir='ltr'><strong>de</strong></span> <span class='ocrx_word' id='word_1_100' title='bbox 1099 1260 1208 1319; x_wconf 88' lang='lat' dir='ltr'><strong>ipsis</strong></span> <span class='ocrx_word' id='word_1_101' title='bbox 1234 1261 1418 1323; x_wconf 81' lang='lat' dir='ltr'><strong>aliquod</strong></span> <span class='ocrx_word' id='word_1_102' title='bbox 1442 1264 1573 1319; x_wconf 85' lang='lat' dir='ltr'><strong>judi-</strong></span> 
     </span>
     <span class='ocr_line' id='line_1_16' title="bbox 320 1328 1572 1391; baseline 0.002 -17"><span class='ocrx_word' id='word_1_103' title='bbox 320 1334 437 1375; x_wconf 82' lang='lat' dir='ltr'><strong>cium</strong></span> <span class='ocrx_word' id='word_1_104' title='bbox 474 1332 676 1391; x_wconf 86' lang='lat' dir='ltr'><strong>protulit.</strong></span> <span class='ocrx_word' id='word_1_105' title='bbox 732 1331 850 1374; x_wconf 84' lang='lat' dir='ltr'><strong>Mihi</strong></span> <span class='ocrx_word' id='word_1_106' title='bbox 889 1328 1101 1391; x_wconf 71' lang='lat' dir='ltr'><strong>quidem,</strong></span> <span class='ocrx_word' id='word_1_107' title='bbox 1141 1330 1222 1371; x_wconf 91' lang='lat' dir='ltr'><strong>etsi</strong></span> <span class='ocrx_word' id='word_1_108' title='bbox 1254 1332 1373 1387; x_wconf 88' lang='lat' dir='ltr'><strong>ipsos</strong></span> <span class='ocrx_word' id='word_1_109' title='bbox 1409 1333 1572 1376; x_wconf 87' lang='lat' dir='ltr'><strong>Donati</strong></span> 
     </span>
     <span class='ocr_line' id='line_1_17' title="bbox 313 1397 1565 1456; baseline -0.001 -10"><span class='ocrx_word' id='word_1_110' title='bbox 313 1402 649 1446; x_wconf 78' lang='lat' dir='ltr'><strong>Commentariis</strong></span> <span class='ocrx_word' id='word_1_111' title='bbox 667 1411 713 1442; x_wconf 88' lang='lat' dir='ltr'><strong>et</strong></span> <span class='ocrx_word' id='word_1_112' title='bbox 738 1398 944 1443; x_wconf 86' lang='lat' dir='ltr'><strong>orationis</strong></span> <span class='ocrx_word' id='word_1_113' title='bbox 962 1405 1007 1439; x_wconf 87' lang='lat' dir='ltr'><strong>et</strong></span> <span class='ocrx_word' id='word_1_114' title='bbox 1017 1397 1401 1456; x_wconf 21' lang='lat' dir='ltr'><strong>¹interpret-ationis</strong></span> <span class='ocrx_word' id='word_1_115' title='bbox 1426 1402 1565 1445; x_wconf 90' lang='lat' dir='ltr'><strong>boni-</strong></span> 
     </span>
     <span class='ocr_line' id='line_1_18' title="bbox 321 1465 1570 1529; baseline -0.005 -14"><span class='ocrx_word' id='word_1_116' title='bbox 321 1483 436 1525; x_wconf 84' lang='lat' dir='ltr'><strong>tate,</strong></span> <span class='ocrx_word' id='word_1_117' title='bbox 451 1471 596 1527; x_wconf 73' lang='lat' dir='ltr'><strong>,longe</strong></span> <span class='ocrx_word' id='word_1_118' title='bbox 614 1465 948 1529; x_wconf 83' lang='lat' dir='ltr'><strong>postponendos</strong></span> <span class='ocrx_word' id='word_1_119' title='bbox 980 1479 1207 1521; x_wconf 80' lang='lat' dir='ltr'><strong>censeam,</strong></span> <span class='ocrx_word' id='word_1_120' title='bbox 1236 1466 1294 1511; x_wconf 81' lang='lat' dir='ltr'><strong>ad</strong></span> <span class='ocrx_word' id='word_1_121' title='bbox 1309 1484 1407 1512; x_wconf 85' lang='lat' dir='ltr'><strong>eum</strong></span> <span class='ocrx_word' id='word_1_122' title='bbox 1424 1478 1570 1513; x_wconf 85' lang='lat' dir='ltr'><strong>tamen</strong></span> 
     </span>
     <span class='ocr_line' id='line_1_19' title="bbox 320 1534 1571 1600; baseline -0.002 -15"><span class='ocrx_word' id='word_1_123' title='bbox 320 1541 502 1585; x_wconf 87' lang='lat' dir='ltr'><strong>modum</strong></span> <span class='ocrx_word' id='word_1_124' title='bbox 530 1540 807 1600; x_wconf 81' lang='lat' dir='ltr'><strong>probantur,</strong></span> <span class='ocrx_word' id='word_1_125' title='bbox 845 1547 898 1580; x_wconf 88' lang='lat' dir='ltr'><strong>ut</strong></span> <span class='ocrx_word' id='word_1_126' title='bbox 929 1552 1019 1579; x_wconf 88' lang='lat' dir='ltr'><strong>non</strong></span> <span class='ocrx_word' id='word_1_127' title='bbox 1045 1534 1200 1593; x_wconf 85' lang='lat' dir='ltr'><strong>dignos</strong></span> <span class='ocrx_word' id='word_1_128' title='bbox 1230 1554 1460 1593; x_wconf 83' lang='lat' dir='ltr'><strong>censeam,</strong></span> <span class='ocrx_word' id='word_1_129' title='bbox 1491 1540 1571 1600; x_wconf 87' lang='lat' dir='ltr'><strong>qui</strong></span> 
     </span>
     <span class='ocr_line' id='line_1_20' title="bbox 321 1605 1570 1667; baseline -0.002 -12"><span class='ocrx_word' id='word_1_130' title='bbox 321 1629 346 1655; x_wconf 89' lang='lat' dir='ltr'><strong>a</strong></span> <span class='ocrx_word' id='word_1_131' title='bbox 376 1611 593 1655; x_wconf 44' lang='lat' dir='ltr'><strong>*Terentii</strong></span> <span class='ocrx_word' id='word_1_132' title='bbox 650 1606 987 1667; x_wconf 76' lang='lat' dir='ltr'><strong>interpretibus</strong></span> <span class='ocrx_word' id='word_1_133' title='bbox 1037 1606 1219 1650; x_wconf 88' lang='lat' dir='ltr'><strong>omnino</strong></span> <span class='ocrx_word' id='word_1_134' title='bbox 1275 1605 1570 1665; x_wconf 81' lang='lat' dir='ltr'><strong>negligantur.</strong></span> 
     </span>
     <span class='ocr_line' id='line_1_21' title="bbox 316 1678 1567 1738; baseline 0.003 -20"><span class='ocrx_word' id='word_1_135' title='bbox 316 1680 597 1738; x_wconf 84' lang='lat' dir='ltr'><strong>Eugraphius</strong></span> <span class='ocrx_word' id='word_1_136' title='bbox 640 1682 760 1723; x_wconf 80' lang='lat' dir='ltr'><strong>enim</strong></span> <span class='ocrx_word' id='word_1_137' title='bbox 783 1710 797 1732; x_wconf 81' lang='lat'><strong><em>‚</em></strong></span> <span class='ocrx_word' id='word_1_138' title='bbox 847 1692 1027 1736; x_wconf 83' lang='lat' dir='ltr'><strong>quaqua</strong></span> <span class='ocrx_word' id='word_1_139' title='bbox 1072 1686 1213 1719; x_wconf 78' lang='lat' dir='ltr'><strong>aetate</strong></span> <span class='ocrx_word' id='word_1_140' title='bbox 1252 1678 1413 1722; x_wconf 75' lang='lat' dir='ltr'><strong>vixerit</strong></span> <span class='ocrx_word' id='word_1_141' title='bbox 1431 1711 1447 1734; x_wconf 87' lang='lat'><strong>,</strong></span> <span class='ocrx_word' id='word_1_142' title='bbox 1490 1681 1567 1723; x_wconf 77' lang='lat' dir='ltr'><strong>ubi</strong></span> 
     </span>
     <span class='ocr_line' id='line_1_22' title="bbox 315 1745 1566 1810; baseline 0.002 -18"><span class='ocrx_word' id='word_1_143' title='bbox 315 1764 370 1792; x_wconf 86' lang='lat' dir='ltr'><strong>ex</strong></span> <span class='ocrx_word' id='word_1_144' title='bbox 412 1748 521 1791; x_wconf 88' lang='lat' dir='ltr'><strong>boni</strong></span> <span class='ocrx_word' id='word_1_145' title='bbox 565 1748 822 1809; x_wconf 81' lang='lat' dir='ltr'><strong>interpretis</strong></span> <span class='ocrx_word' id='word_1_146' title='bbox 874 1747 1016 1792; x_wconf 88' lang='lat' dir='ltr'><strong>officio</strong></span> <span class='ocrx_word' id='word_1_147' title='bbox 1063 1745 1354 1810; x_wconf 73' lang='lat' dir='ltr'><strong>Terentianas</strong></span> <span class='ocrx_word' id='word_1_148' title='bbox 1396 1749 1566 1794; x_wconf 84' lang='lat' dir='ltr'><strong>fabulas</strong></span> 
     </span>
     <span class='ocr_line' id='line_1_23' title="bbox 314 1814 1566 1877; baseline 0.004 -18"><span class='ocrx_word' id='word_1_149' title='bbox 314 1814 592 1876; x_wconf 84' lang='lat' dir='ltr'><strong>expositurus</strong></span> <span class='ocrx_word' id='word_1_150' title='bbox 626 1830 762 1874; x_wconf 86' lang='lat' dir='ltr'><strong>esset,</strong></span> <span class='ocrx_word' id='word_1_151' title='bbox 803 1836 877 1872; x_wconf 89' lang='lat' dir='ltr'><strong>ea,</strong></span> <span class='ocrx_word' id='word_1_152' title='bbox 918 1832 1030 1877; x_wconf 87' lang='lat' dir='ltr'><strong>qnae</strong></span> <span class='ocrx_word' id='word_1_153' title='bbox 1068 1830 1148 1858; x_wconf 86' lang='lat' dir='ltr'><strong>sua</strong></span> <span class='ocrx_word' id='word_1_154' title='bbox 1189 1828 1304 1868; x_wconf 82' lang='lat' dir='ltr'><strong>aetas</strong></span> <span class='ocrx_word' id='word_1_155' title='bbox 1340 1818 1566 1876; x_wconf 82' lang='lat' dir='ltr'><strong>praesidia</strong></span> 
     </span>
     <span class='ocr_line' id='line_1_24' title="bbox 312 1877 1562 1947; baseline 0.004 -19"><span class='ocrx_word' id='word_1_156' title='bbox 312 1887 547 1947; x_wconf 86' lang='lat' dir='ltr'><strong>praeberet</strong></span> <span class='ocrx_word' id='word_1_157' title='bbox 568 1918 582 1941; x_wconf 94' lang='lat'><em>‚</em></span> <span class='ocrx_word' id='word_1_158' title='bbox 605 1906 610 1911; x_wconf 60' lang='lat'><strong><em>⁴</em></strong></span> <span class='ocrx_word' id='word_1_159' title='bbox 630 1888 957 1947; x_wconf 81' lang='lat' dir='ltr'><strong>qualiacunque</strong></span> <span class='ocrx_word' id='word_1_160' title='bbox 988 1888 1039 1929; x_wconf 91' lang='lat' dir='ltr'><strong>in</strong></span> <span class='ocrx_word' id='word_1_161' title='bbox 1061 1877 1171 1930; x_wconf 40' lang='lat' dir='ltr'><strong>‘suos</strong></span> <span class='ocrx_word' id='word_1_162' title='bbox 1209 1902 1311 1930; x_wconf 87' lang='lat' dir='ltr'><strong>usus</strong></span> <span class='ocrx_word' id='word_1_163' title='bbox 1347 1886 1562 1933; x_wconf 86' lang='lat' dir='ltr'><strong>adhibere</strong></span> 
     </span>
     <span class='ocr_line' id='line_1_25' title="bbox 293 1953 1557 2013; baseline 0.003 -17"><span class='ocrx_word' id='word_1_164' title='bbox 293 1953 497 2009; x_wconf 75' lang='lat' dir='ltr'><strong>-debuitt</strong></span> <span class='ocrx_word' id='word_1_165' title='bbox 530 1955 641 2013; x_wconf 87' lang='lat' dir='ltr'><strong>quin</strong></span> <span class='ocrx_word' id='word_1_166' title='bbox 678 1968 724 1999; x_wconf 86' lang='lat' dir='ltr'><strong>et</strong></span> <span class='ocrx_word' id='word_1_167' title='bbox 755 1956 968 2012; x_wconf 82' lang='lat' dir='ltr'><strong>fortasse,</strong></span> <span class='ocrx_word' id='word_1_168' title='bbox 995 1955 1104 2000; x_wconf 84' lang='lat' dir='ltr'><strong>licet</strong></span> <span class='ocrx_word' id='word_1_169' title='bbox 1139 1957 1234 2012; x_wconf 81' lang='lat' dir='ltr'><strong>ejus</strong></span> <span class='ocrx_word' id='word_1_170' title='bbox 1258 1957 1322 1999; x_wconf 90' lang='lat' dir='ltr'><strong>rei</strong></span> <span class='ocrx_word' id='word_1_171' title='bbox 1348 1954 1557 2000; x_wconf 85' lang='lat' dir='ltr'><strong>disertam</strong></span> 
     </span>
     <span class='ocr_line' id='line_1_26' title="bbox 312 2016 1555 2086; baseline 0.005 -22"><span class='ocrx_word' id='word_1_172' title='bbox 312 2016 582 2065; x_wconf 79' lang='lat' dir='ltr'><strong>mentionem</strong></span> <span class='ocrx_word' id='word_1_173' title='bbox 598 2037 688 2066; x_wconf 86' lang='lat' dir='ltr'><strong>non</strong></span> <span class='ocrx_word' id='word_1_174' title='bbox 712 2025 910 2079; x_wconf 86' lang='lat' dir='ltr'><strong>injiciat,</strong></span> <span class='ocrx_word' id='word_1_175' title='bbox 941 2018 1242 2083; x_wconf 65' lang='lat' dir='ltr'><strong>antiquiorum</strong></span> <span class='ocrx_word' id='word_1_176' title='bbox 1258 2020 1555 2086; x_wconf 82' lang='lat' dir='ltr'><strong>interpretum</strong></span> 
     </span>
     <span class='ocr_line' id='line_1_27' title="bbox 316 2093 1555 2153; baseline 0.005 -20"><span class='ocrx_word' id='word_1_177' title='bbox 316 2106 500 2149; x_wconf 83' lang='lat' dir='ltr'><strong>operas,</strong></span> <span class='ocrx_word' id='word_1_178' title='bbox 532 2108 642 2150; x_wconf 89' lang='lat' dir='ltr'><strong>quae</strong></span> <span class='ocrx_word' id='word_1_179' title='bbox 678 2107 800 2135; x_wconf 88' lang='lat' dir='ltr'><strong>nunc</strong></span> <span class='ocrx_word' id='word_1_180' title='bbox 826 2094 1095 2150; x_wconf 85' lang='lat' dir='ltr'><strong>perierunt,</strong></span> <span class='ocrx_word' id='word_1_181' title='bbox 1136 2093 1362 2138; x_wconf 90' lang='lat' dir='ltr'><strong>consulere</strong></span> <span class='ocrx_word' id='word_1_182' title='bbox 1391 2095 1555 2153; x_wconf 87' lang='lat' dir='ltr'><strong>potuit.</strong></span> 
     </span>
    </p>

    <p class='ocr_par' dir='ltr' id='par_1_4' title="bbox 309 2161 1585 2567">
     <span class='ocr_line' id='line_1_28' title="bbox 367 2161 1554 2222; baseline 0.003 -18"><span class='ocrx_word' id='word_1_183' title='bbox 367 2161 613 2222; x_wconf 84' lang='lat' dir='ltr'><strong>Eugraphii</strong></span> <span class='ocrx_word' id='word_1_184' title='bbox 636 2162 837 2215; x_wconf 89' lang='lat' dir='ltr'><strong>nomine,</strong></span> <span class='ocrx_word' id='word_1_185' title='bbox 867 2172 914 2204; x_wconf 85' lang='lat' dir='ltr'><strong>et</strong></span> <span class='ocrx_word' id='word_1_186' title='bbox 936 2161 1025 2205; x_wconf 89' lang='lat' dir='ltr'><strong>hoc</strong></span> <span class='ocrx_word' id='word_1_187' title='bbox 1048 2161 1229 2205; x_wconf 83' lang='lat' dir='ltr'><strong>tandem</strong></span> <span class='ocrx_word' id='word_1_188' title='bbox 1253 2178 1554 2220; x_wconf 74' lang='lat' dir='ltr'><strong>quoquemo-</strong></span> 
     </span>
     <span class='ocr_line' id='line_1_29' title="bbox 313 2229 1567 2291; baseline 0.006 -19"><span class='ocrx_word' id='word_1_189' title='bbox 313 2231 517 2275; x_wconf 83' lang='lat' dir='ltr'><strong>nendum</strong></span> <span class='ocrx_word' id='word_1_190' title='bbox 546 2243 639 2287; x_wconf 85' lang='lat' dir='ltr'><strong>est,</strong></span> <span class='ocrx_word' id='word_1_191' title='bbox 667 2240 842 2290; x_wconf 84' lang='lat' dir='ltr'><strong>praeter</strong></span> <span class='ocrx_word' id='word_1_192' title='bbox 871 2229 977 2273; x_wconf 86' lang='lat' dir='ltr'><strong>istos</strong></span> <span class='ocrx_word' id='word_1_193' title='bbox 1006 2231 1378 2291; x_wconf 83' lang='lat' dir='ltr'><strong>Commentarios,</strong></span> <span class='ocrx_word' id='word_1_194' title='bbox 1418 2249 1567 2281; x_wconf 37' lang='lat' dir='ltr'><strong>exstat*</strong></span> 
     </span>
     <span class='ocr_line' id='line_1_30' title="bbox 309 2296 1552 2359; baseline 0.008 -20"><span class='ocrx_word' id='word_1_195' title='bbox 309 2298 356 2340; x_wconf 91' lang='lat' dir='ltr'><strong>in</strong></span> <span class='ocrx_word' id='word_1_196' title='bbox 384 2299 530 2342; x_wconf 83' lang='lat' dir='ltr'><strong>MSto.</strong></span> <span class='ocrx_word' id='word_1_197' title='bbox 562 2300 676 2346; x_wconf 84' lang='lat' dir='ltr'><strong>Cod.</strong></span> <span class='ocrx_word' id='word_1_198' title='bbox 696 2296 827 2343; x_wconf 81' lang='lat' dir='ltr'><strong>aliud</strong></span> <span class='ocrx_word' id='word_1_199' title='bbox 852 2297 1159 2345; x_wconf 80' lang='lat' dir='ltr'><strong>Cbmmentum</strong></span> <span class='ocrx_word' id='word_1_200' title='bbox 1191 2301 1239 2343; x_wconf 86' lang='lat' dir='ltr'><strong>in</strong></span> <span class='ocrx_word' id='word_1_201' title='bbox 1263 2303 1552 2359; x_wconf 83' lang='lat' dir='ltr'><strong>Terentium,</strong></span> 
     </span>
     <span class='ocr_line' id='line_1_31' title="bbox 312 2365 1585 2432; baseline 0.006 -24"><span class='ocrx_word' id='word_1_202' title='bbox 312 2365 388 2409; x_wconf 85' lang='lat' dir='ltr'><strong>sed</strong></span> <span class='ocrx_word' id='word_1_203' title='bbox 417 2365 649 2414; x_wconf 83' lang='lat' dir='ltr'><strong>indoctum</strong></span> <span class='ocrx_word' id='word_1_204' title='bbox 680 2368 789 2413; x_wconf 88' lang='lat' dir='ltr'><strong>illud</strong></span> <span class='ocrx_word' id='word_1_205' title='bbox 817 2380 863 2412; x_wconf 84' lang='lat' dir='ltr'><strong>et</strong></span> <span class='ocrx_word' id='word_1_206' title='bbox 893 2369 1134 2426; x_wconf 84' lang='lat' dir='ltr'><strong>insulsum,</strong></span> <span class='ocrx_word' id='word_1_207' title='bbox 1164 2370 1222 2416; x_wconf 83' lang='lat' dir='ltr'><strong>de</strong></span> <span class='ocrx_word' id='word_1_208' title='bbox 1248 2388 1340 2432; x_wconf 92' lang='lat' dir='ltr'><strong>quo</strong></span> <span class='ocrx_word' id='word_1_209' title='bbox 1363 2375 1424 2417; x_wconf 79' lang='lat' dir='ltr'><strong>ita</strong></span> <span class='ocrx_word' id='word_1_210' title='bbox 1448 2375 1551 2418; x_wconf 89' lang='lat' dir='ltr'><strong>Lin-</strong></span> <span class='ocrx_word' id='word_1_211' title='bbox 1582 2395 1585 2398; x_wconf 49' lang='lat'><strong>⁴</strong></span> 
     </span>
     <span class='ocr_line' id='line_1_32' title="bbox 313 2434 1558 2503; baseline 0.008 -27"><span class='ocrx_word' id='word_1_212' title='bbox 313 2434 618 2489; x_wconf 83' lang='lat' dir='ltr'><strong>denborgius</strong></span> <span class='ocrx_word' id='word_1_213' title='bbox 604 2453 652 2484; x_wconf 73' lang='lat' dir='ltr'><strong>in</strong></span> <span class='ocrx_word' id='word_1_214' title='bbox 676 2438 822 2482; x_wconf 83' lang='lat' dir='ltr'><strong>Praef.</strong></span> <span class='ocrx_word' id='word_1_215' title='bbox 849 2456 893 2500; x_wconf 85' lang='lat' dir='ltr'><strong>p.</strong></span> <span class='ocrx_word' id='word_1_216' title='bbox 912 2442 951 2484; x_wconf 81' lang='lat'><strong>5&#39;.</strong></span> <span class='ocrx_word' id='word_1_217' title='bbox 1010 2474 1041 2500; x_wconf 86' lang='lat'><strong>„</strong></span> <span class='ocrx_word' id='word_1_218' title='bbox 1062 2442 1215 2488; x_wconf 83' lang='lat' dir='ltr'><strong>Extat</strong></span> <span class='ocrx_word' id='word_1_219' title='bbox 1238 2446 1424 2503; x_wconf 78' lang='lat' dir='ltr'><strong>quidem</strong></span> <span class='ocrx_word' id='word_1_220' title='bbox 1454 2445 1558 2486; x_wconf 82' lang='lat' dir='ltr'><strong>Pa-</strong></span> 
     </span>
     <span class='ocr_line' id='line_1_33' title="bbox 316 2506 1552 2567; baseline 0.006 -17"><span class='ocrx_word' id='word_1_221' title='bbox 316 2507 444 2550; x_wconf 70' lang='lat' dir='ltr'><strong>riaeiis</strong></span> <span class='ocrx_word' id='word_1_222' title='bbox 473 2508 520 2549; x_wconf 79' lang='lat' dir='ltr'><strong>in</strong></span> <span class='ocrx_word' id='word_1_223' title='bbox 546 2506 821 2552; x_wconf 75' lang='lat' dir='ltr'><strong>bibliotheca</strong></span> <span class='ocrx_word' id='word_1_224' title='bbox 850 2511 982 2567; x_wconf 84' lang='lat' dir='ltr'><strong>regia</strong></span> <span class='ocrx_word' id='word_1_225' title='bbox 1016 2508 1330 2558; x_wconf 75' lang='lat' dir='ltr'><strong>Commeatum</strong></span> <span class='ocrx_word' id='word_1_226' title='bbox 1354 2516 1401 2557; x_wconf 83' lang='lat' dir='ltr'><strong>in</strong></span> <span class='ocrx_word' id='word_1_227' title='bbox 1428 2515 1552 2557; x_wconf 77' lang='lat' dir='ltr'><strong>Imrc</strong></span> 
     </span>
    </p>
   </div>
   <div class='ocr_carea' id='block_1_3' title="bbox 953 2581 1550 2626">
    <p class='ocr_par' dir='ltr' id='par_1_5' title="bbox 953 2581 1550 2626">
     <span class='ocr_line' id='line_1_34' title="bbox 953 2581 1550 2626; baseline 0.005 -3"><span class='ocrx_word' id='word_1_228' title='bbox 953 2581 1003 2623; x_wconf 93' lang='lat' dir='ltr'><strong>M</strong></span> <span class='ocrx_word' id='word_1_229' title='bbox 1468 2599 1550 2626; x_wconf 83' lang='lat' dir='ltr'><strong>co·-</strong></span> 
     </span>
    </p>
   </div>
  </div>
 </body>
</html>
