1945 3384
456 310 557 360 u.
602 312 872 360 'romu
905 307 1334 358 emeno-ms
1385 280 1393 293 '
1444 315 1526 373 ης

275 435 461 499 Epilogo
475 438 556 482 vir
573 437 892 482 doctissimus.
911 475 915 478 .
948 434 1191 480 Caeterum
1209 431 1270 481 de
1289 434 1522 492 provincia

274 510 507 563 Bizaoena,
538 523 652 567 quae
675 503 967 562 intelligenda
994 505 1085 558 sit,
1113 515 1348 564 exponunt
1372 517 1525 554 aucto-f

273 593 369 632 res,
401 594 510 638 quos
540 579 647 621 citat
672 576 883 621 Barthius
905 574 955 616 in
983 572 1108 618 Λᾶν.
1142 574 1194 618 L.
1211 575 1269 620 V.
1309 591 1349 620 e.
1373 592 1416 633 7.
1475 577 1527 622 Si

273 647 385 706 quid
424 663 525 693 vero
561 644 619 695 de
660 645 830 701 origiue
867 653 914 687 et
955 639 1140 685 consilio
1180 643 1313 700 hujus
1357 644 1524 704 dispuz

273 718 539 760 tatianeulae
562 712 775 760 hariolari
787 712 942 763 lieet„
960 708 1234 762 conjecerim
1251 715 1393 771 ipsam
1415 732 1524 761 eon.-

236 819 243 823 .
276 787 490 846 scriptam
521 796 616 824 esse
650 779 708 822 in.
738 775 923 832 gratiam
959 774 1168 836 Superii,
1195 781 1275 839 qui
1308 781 1521 841 fortasse,

272 862 412 911 quum
439 848 669 893 Somnium
697 859 790 887 uon
814 842 1110 901 intelligeret,
1138 850 1358 903 rogaverit
1378 853 1522 897 Eulo-

270 923 405 980 gium,
427 931 478 964 ut
502 915 586 961 sibi
602 911 958 974 qualemcunque
975 913 1397 977 interpretationem
1411 923 1524 973 mit..

269 1002 399 1035 teret.
458 990 584 1033 Hanc
615 984 917 1039 conjecturam
944 983 1132 1029 suadere
1161 986 1340 1031 videtur
1362 1001 1409 1034 et
1437 1007 1524 1036 ex-

270 1071 399 1104 terna
424 1053 628 1117 opusculi
647 1052 896 1097 brevissimi
928 1053 1097 1110 forma,
1124 1067 1171 1101 et
1190 1067 1402 1119 tempus,
1434 1075 1527 1122 quo

268 1131 416 1191 ipsum
443 1126 749 1180 conscriptum
768 1122 1008 1186 'nari-atur.-
1056 1127 1154 1169 Nisi
1180 1129 1303 1173 enim
1330 1146 1385 1175 ex
1413 1132 1525 1177 alius

268 1207 425 1253 rogatu
453 1194 563 1238 haee
588 1190 777 1250 scriptio
807 1201 1014 1250 suscepta
1042 1207 1137 1238 esse
1168 1193 1344 1241 dicatur
1362 1229 1377 1252 ‚
1405 1216 1525 1258 qna.

269 1279 320 1307 re
334 1295 348 1318 ,
379 1277 567 1322 quaeso,
599 1259 764 1309 confici
786 1256 864 1300 illa
888 1257 1048 1304 debuit
1069 1263 1125 1306 ab
1143 1263 1330 1324 Eulogio
1341 1297 1363 1320 ,,
1386 1283 1529 1327 quum

267 1334 316 1376 in
351 1347 456 1394 agro
474 1330 657 1387 degeret
681 1339 728 1372 et
759 1327 959 1387 privatus
990 1341 1105 1376 esset
1126 1330 1257 1377 libris
1282 1334 1409 1393 (*),
1444 1338 1525 1396 qui

266 1401 471 1463 profecto
499 1399 556 1444 ad
595 1398 729 1454 hujus
767 1395 942 1452 generis
971 1398 1264 1458 scriptionem
1297 1419 1524 1465 perquam
1581 1446 1585 1451 ,

267 1471 456 1514 fuissent
495 1466 771 1513 necessarii?
827 1464 889 1509 Et
913 1480 1035 1513 ,νει-ο
1061 1468 1217 1525 etiam,
1259 1472 1311 1515 ni
1353 1471 1485 1518 fallor
1503 1504 1520 1529 ,

265 1538 387 1581 hane
414 1539 718 1594 conjecturam
745 1532 1017 1579 confirmant
1041 1537 1204 1595 verba,
1234 1540 1398 1600 quibu,
1421 1542 1521 1588 Eu..

266 1607 407 1663 logius
433 1607 481 1648 in
513 1606 604 1648 fine
629 1604 942 1669 disputationis
977 1605 1219 1665 Superium
1248 1611 1494 1671 alloquitur
1508 1648 1525 1671 ,

265 1667 472 1719 habea'nt
509 1674 600 1718 alii
637 1672 867 1717 scientiae
893 1674 1128 1732 gloriam,
1158 1679 1281 1725 mihi
1307 1696 1404 1739 pro
1431 1684 1530 1729 de·-

251 1744 472 1809 fegsione
497 1745 565 1786 sit
589 1751 670 1785 tuo
698 1741 858 1783 studio
875 1744 1119 1797 patuisse.

320 1809 494 1867 Eulogii
531 1807 779 1870 Disputatio
824 1806 932 1853 duas
973 1810 1112 1857 habet
1148 1827 1299 1875 partes
1319 1835 1334 1860 ε
1383 1814 1524 1866 alters

268 1880 453 1938 exponit
484 1877 739 1922 doctrinam
772 1892 1060 1924 numerorum
1095 1878 1168 1926 ad
1188 1885 1521 1949 Philosophiam

266 1948 578 1993 translatorum
591 1977 606 2001 ,
657 1944 797 1990 altera
833 1947 920 2004 agit
955 1948 1014 1994 de
1051 1945 1305 1999 coelestium
1343 1956 1521 2005 orbium

262 2030 412 2063 cantu.

1384 2096 1517 2168 Opeft

272 2215 274 2217 ·
309 2210 395 2258 (t)
417 2204 587 2257 Eulogius
610 2205 752 2258 scripsit
767 2205 864 2245 hane
906 2211 963 2243 tet
1002 2206 1114 2244 etiam
1155 2207 1195 2244 in
1232 2207 1305 2247 hoc
1339 2215 1518 2263 opusculo

265 2267 549 2318 disputationem
575 2280 690 2318 quum
712 2266 752 2303 in
775 2278 863 2316 agro
906 2266 1151 2316 fragmentum
1176 2266 1375 2317 Varronis,
1392 2273 1517 2322 quod,

262 2326 414 2374 degeret
445 2333 484 2364 et
514 2325 594 2364 sine
628 2323 730 2365 libris
755 2331 862 2364 esset.
907 2329 1060 2363 notante
1084 2323 1234 2363 Barthio
1258 2328 1355 2367 Λᾶν.
1391 2331 1431 2370 L.
1447 2332 1514 2371 VI.

215 2358 239 2395 ⁴⁷
260 2383 343 2420 Hoc
368 2389 494 2421 tamen
520 2398 598 2423 non
632 2382 861 2435 prohibuisse
905 2392 934 2421 c.
952 2388 987 2423 6.
1023 2398 1102 2423 non
1124 2384 1285 2423 relatum
1311 2392 1368 2424 est
1399 2385 1515 2430 abiis

261 2439 407 2480 videtur
429 2443 625 2490 quominus
651 2442 860 2481 memoriter
907 2442 974 2492 qui
993 2442 1173 2484 Varronis
1205 2443 1410 2496 fragmenta
1437 2446 1513 2488 eof-

260 2498 415 2538 aliorum
433 2498 673 2553 sei-iptorum,
698 2501 862 2552 inprimis
905 2501 1093 2553 legerunt.

256 2556 401 2608 ,Virgini
413 2585 424 2605 ‚
457 2557 536 2597 loca
565 2556 748 2598 excitaret.
794 2560 861 2600 La-
