1945 3384
399 263 482 309 140
568 265 698 314 CAP.
727 266 808 316 lx.
864 267 942 312 DE
987 266 1200 327 ANTIQ.
1240 266 1520 316 INTERPR.

397 409 430 437 „
448 394 556 427 sunt
584 385 931 431 lacunae.modo
949 389 1215 442 verborum,
1242 388 1378 432 modo
1403 392 1659 434 sententiae·

387 465 562 506 „uranu
592 455 643 498 ln
666 464 856 519 utroque
878 473 970 501 non
982 458 1446 502 rarooommentarius
1465 470 1533 502 est
1549 468 1656 503 ace-

397 550 429 574 „
448 519 605 579 phalus
642 535 718 568 aut
755 524 956 575 mutilus..
977 563 980 565 >
1021 529 1175 589 Quare
1195 530 1246 572 in
1274 527 1558 574 emendando
1582 540 1659 574 aut

397 621 426 645 ‚‚
443 589 933 644 declarando-Pedium
962 609 1085 643 textu
1110 609 1340 642 strenuam
1362 614 1543 661 operam
1566 615 1660 659 po-

396 689 426 714 „
442 674 632 707 suerunt
649 662 896 713 doctissimi
919 669 1005 714 viri
1029 666 1277 712 Gulielmus
1300 667 1530 725 Budaeus,
1560 670 1655 714 Lo-

397 757 429 784 „
447 727 606 776 doicus
623 733 813 780 Alvarus
824 769 839 793 ‚
867 739 1029 784 Paulus
1048 738 1302 795 Manutius,
1323 740 1507 785 Carolus
1525 741 1660 798 Sigo-

401 830 430 854 „
443 801 548 846 nius
559 813 580 857 ,⁸
606 805 812 850 Andreas
840 807 1059 851 Patricius
1072 839 1087 858 .
1115 809 1378 853 Franciscus
1402 811 1630 855 Fabricius
1644 841 1660 865 ‚

399 899 431 924 „
448 870 625 914 Petrus,
644 874 849 917 Nunnius
865 902 881 927 ,
901 909 904 911 ,
924 874 1082 917 Petrus
1120 876 1360 929 Danesins,
1407 879 1465 919 T.
1492 878 1662 933 Popma

396 967 426 991 ,‚
446 937 680 996 Phrysius,
707 941 900 983 Jacobus
930 940 1182 997 Cruquius,
1214 941 1410 984 Thomas
1439 941 1660 995 Crenins,

397 1036 425 1060 „
441 1005 635 1051 Joannes
660 1007 919 1053 Fridericus
945 1009 1200 1056 Gronovius
1217 1042 1233 1066 ‚
1260 1010 1524 1055 Franciscus
1540 1009 1658 1055 .Ηο-

397 1105 426 1132 ,,
445 1088 685 1123 tomannus
726 1091 773 1124 et
802 1079 878 1124 alii
898 1098 911 1123 ε
943 1095 1111 1139 eaeque
1154 1080 1461 1126 adnotationes
1493 1081 1661 1140 partim

386 1179 428 1204 A„
446 1149 605 1193 saltem
625 1150 814 1195 editioni
833 1151 1017 1195 Asconii
1040 1150 1252 1206 Lugduni
1269 1154 1531 1197 Batavorum
1550 1149 1661 1194 anni

397 1244 428 1274 9,
444 1219 763 1264 MDCLXXV.
780 1218 881 1273 sub‘j
889 1231 1130 1275 unguntur.
1145 1218 1366 1276 Denique
1385 1228 1478 1277 tum
1491 1218 1547 1261 in.
1563 1216 1663 1261 cal-

395 1311 425 1342 „
445 1302 496 1331 ce
513 1282 758 1346 parisiacae
781 1286 991 1331 editionis
1012 1288 1120 1330 anni
1137 1286 1336 1331 MDXX.
1359 1286 1532 1334 tumsab
1551 1285 1656 1332 An-

390 1381 424 1411 -„
442 1354 553 1401 drea
588 1356 787 1412 Patricio
819 1357 870 1400 in
913 1355 1113 1401 editione
1156 1354 1370 1413 Lugduni
1397 1356 1661 1400 Batavorum

396 1450 428 1479 3,
442 1441 494 1486 p.
514 1424 612 1468 284.
638 1437 898 1479 monemur,
921 1428 1103 1471 Asconii
1127 1429 1266 1472 verba
1282 1440 1410 1482 aegre
1430 1422 1660 1468 interdum

396 1526 426 1550 „
443 1494 494 1537 in
514 1491 745 1538 codicibus
770 1508 795 1535 a
818 1492 1048 1539 Ciceronis
1072 1495 1223 1541 verbis
1240 1493 1468 1551 distingui.
1497 1489 1553 1535 Id
1568 1491 1658 1535 mi-

395 1563 493 1619 „hi
510 1577 719 1622 quoque5
735 1559 844 1605 dum
869 1563 1071 1608 codicem
1086 1565 1411 1616 exscriberem,
1435 1559 1558 1605 haud
1580 1575 1661 1605 ra·-

395 1663 428 1689 „
443 1646 499 1676 ro
525 1630 773 1674 molestiam
802 1642 850 1674 et
874 1630 1220 1690 perplexitatem
1246 1633 1445 1677 creaban

396 1738 401 1743 .
456 1731 486 1754 ,,
503 1700 722 1744 Asconius
740 1700 878 1756 igitur
902 1714 1086 1758 prorsus
1111 1717 1135 1743 a
1160 1701 1290 1744 nobis
1307 1690 1536 1759 judIcatur
1549 1712 1661 1742 nos-

393 1801 426 1827 „
443 1781 515 1815 ter
531 1769 764 1826 Inter-pres
778 1800 793 1823 ‚
824 1780 919 1812 tum
933 1776 1124 1827 propter
1143 1769 1226 1812 has
1247 1782 1400 1812 omnes
1419 1770 1659 1825 conjectu-
1708 1820 1712 1824 ⁴

397 1873 427 1898 ,‚
443 1855 545 1896 ras,
574 1850 670 1883 tum
690 1838 936 1899 praecipue
960 1839 1018 1884 oh
1050 1850 1250 1884 octavam
1273 1849 1319 1884 et
1341 1855 1521 1884 nonam.
1559 1840 1660 1885 Jam

401 1943 432 1967 „
449 1913 487 1955 si
512 1911 675 1968 cuique
701 1910 915 1970 scriptori
945 1920 1106 1952 natura
1134 1920 1230 1962 est,
1258 1923 1360 1953 suus
1391 1910 1552 1967 cuique
1577 1925 1658 1953 co-

398 2011 428 2036 „
444 1979 517 2024 lor
534 1993 586 2023 ac
602 1993 748 2040 paene
770 1977 943 2034 vultus3
971 1977 1087 2023 nihil
1104 1989 1249 2023 autem
1265 1976 1410 2042 editus
1435 1978 1544 2022 olim
1567 1980 1661 2024 As-

389 2081 428 2105 A„
445 2049 567 2093 conii
605 2059 780 2101 textus,
809 2049 868 2092 ab
902 2064 956 2093 eo
991 2048 1071 2105 qui
1099 2047 1296 2106 primum
1324 2063 1447 2092 nunc
1464 2087 1466 2090 .
1483 2046 1662 2103 editur,

399 2153 430 2178 „
448 2118 635 2165 differre
651 2117 833 2177 videtur
853 2135 868 2174 3
893 2117 1117 2177 reliquum
1133 2129 1215 2174 est,
1233 2128 1285 2162 ut
1301 2134 1383 2164 nos
1400 2116 1659 2179 deperditas

399 2226 431 2248 ,,
449 2191 634 2238 Asconii
645 2199 798 2248 partes
820 2204 981 2247 magno
991 2189 1073 2233 Dei
1094 2189 1320 2234 beneficio
1337 2185 1659 2247 deprehende-

400 2262 601 2318 „rimus.
657 2261 905 2319 Quumque
930 2258 990 2303 ad
1013 2260 1096 2306 IX.
1124 2271 1298 2305 tantum
1325 2257 1465 2303 Tullii
1488 2258 1659 2302 oratio-

394 2352 430 2386 „
446 2345 529 2375 nes
553 2329 884 2373 Commentario
920 2329 1106 2373 Asconii
1126 2342 1356 2375 uteremur
1371 2360 1386 2382 ‚
1414 2342 1536 2371 nunc
1568 2329 1660 2383 jam

401 2433 430 2456 „
447 2392 572 2445 XVI.
603 2395 659 2439 ab
684 2410 737 2440 eo
753 2396 994 2445 illustratas
1019 2398 1214 2456 legamus
1230 2416 1243 2443 a
1274 2413 1381 2458 quas
1406 2397 1525 2441 inter
1551 2411 1658 2440 ora-

405 2504 432 2529 „
453 2471 620 2518 tionem
638 2469 935 2525 prosse-auro
958 2484 1072 2517 nova
1092 2477 1221 2530 parte
1246 2467 1549 2513 commentarii
1571 2468 1660 2520 jam

1537 2565 1562 2587 υ
1576 2545 1660 2580 >¹¹²²
