1945 3384
373 240 452 285 154
541 241 672 285 CAP.
701 241 783 286 IX.
840 243 918 287 DE
959 244 1173 304 ANTIQ.
1218 245 1498 292 INTERPR.

374 378 466 406 non
488 365 653 421 paullo
679 353 845 418 potior
858 364 1067 419 fortuna
1088 368 1227 423 fuit,
1253 381 1429 424 parvae
1461 367 1652 410 admo-'

377 433 492 478 dum
536 443 788 490 tenuesque
826 434 894 476 ad
922 450 1006 477 noe
1032 440 1353 491 pervenerunt
1388 438 1634 494 reliquiae.

380 503 624 547 Genuinae
662 503 850 559 quidem
860 520 882 552 ,-
922 519 1032 545 nam
1048 502 1276 559 sutilium
1299 503 1638 561 glossematum,

377 572 600 618 immania
623 571 793 630 ubique
816 574 954 630 copia
976 582 1064 616 est.
1122 575 1312 618 Earum
1338 592 1443 619 cum
1459 577 1661 633 primis·

377 659 569 688 censeas
620 643 664 687 V
669 643 868 685 ictorini·
909 644 1138 686 Rlcetoris
1194 644 1543 691 commentaria
1591 648 1643 690 in

377 714 524 760 libros
560 713 847 758 Rhetoricos
882 716 952 758 Μ.
998 715 1171 758 Tullii.-
1206 715 1645 759 librumbonarum

382 800 544 831 rerum
575 785 774 840 plenum
805 789 853 824 et
868 783 1064 842 judicio
1099 785 1419 841 conscriptum
1441 785 1661 843 pcobo.'’·

384 853 547 900 Editus
577 864 644 897 est
668 851 745 894 ille
767 852 1118 893 Commentarius
1143 853 1200 892 in·
1227 852 1487 904 collectione
1517 854 1662 894 Rhe--

382 936 533 966 torum
568 921 857 977 antiquorum
893 918 969 972 Fr,
1006 919 1181 961 Pithoei
1228 934 1275 977 p.
1304 919 1538 979 79—2394
1568 918 1650 961 ubi

379 992 501 1036 hanc
525 987 660 1033 babet
681 987 1046 1048 inscriptionem:
1071 991 1228 1033 Marii
1246 988 1491 1035 Victorini
1509 989 1648 1030 Rhe-

385 1060 539 1106 thoris
574 1057 715 1102 Urbis
757 1059 939 1101 Romae
977 1059 1227 1115 Expositio
1255 1061 1305 1104 in
1335 1058 1476 1101 libros
1511 1057 1651 1100 Rhe-

388 1131 576 1176 toricon
624 1127 903 1177 Ciceronis;
957 1138 1002 1169 et
1046 1129 1229 1170 seorsim
1279 1144 1459 1185 quoque
1504 1129 1653 1183 ipsum

390 1200 513 1259 typis
543 1193 1047 1240 exaraverunt.Anton.
1090 1195 1276 1238 Zarotus
1315 1193 1501 1238 Mediol.
1531 1193 1653 1251 1474.

388 1266 628 1315 Ascensius
664 1264 803 1308 Paris.
851 1264 973 1311 1508.
1015 1274 1059 1306 et
1104 1264 1220 1309 Rob.
1267 1266 1523 1324 Stephanus
1564 1266 1654 1307 Pa-

388 1339 467 1383 ris.
499 1337 624 1392 1537·

445 1399 510 1450 De
540 1413 708 1455 aetate,
748 1418 835 1460 qua
867 1404 1025 1446 vixerit
1053 1403 1187 1460 hujus
1215 1404 1517 1465 Expositionis
1545 1418 1655 1446 auc-

393 1490 492 1530 tor,
521 1488 615 1516 non
643 1470 774 1514 facile
807 1470 873 1515 est
907 1472 1158 1531 quidquam
1190 1477 1304 1517 certi
1333 1474 1659 1532 pronuntiare,

397 1561 539 1606 quum
569 1542 770 1598 ejusdem
803 1543 996 1584 nominis
1034 1542 1285 1598 complules
1320 1542 1518 1593 fuerint·
1551 1539 1662 1583 adeo

400 1612 645 1677 quidem„
658 1621 709 1652 ut
738 1619 961 1667 perquam
991 1610 1170 1653 difficile
1203 1613 1260 1652 sit
1287 1611 1373 1652 rite
1406 1608 1662 1652 discernere

400 1701 482 1737 ea,
525 1695 639 1740 quae
681 1676 738 1720 de
775 1677 862 1720 illis
902 1677 1085 1732 singulis
1123 1679 1242 1738 apud
1281 1680 1422 1722 varios
1462 1690 1664 1722 auctores

399 1761 599 1801 exstant,
642 1747 910 1789 testimonia.
968 1747 1071 1788 Non
1117 1746 1322 1789 inutilem
1350 1747 1502 1807 itaque
1547 1762 1664 1805 ope-

401 1836 498 1866 ram
527 1817 682 1862 fecisse
708 1814 888 1871 videtur
913 1816 1142 1870 Launojus
1158 1849 1171 1870 ,
1203 1818 1298 1874 qui,
1325 1828 1432 1859 teste
1458 1813 1667 1861 Fabricio

403 1892 453 1932 in
476 1885 591 1931 Bibl.
622 1887 724 1927 Lat.
766 1886 824 1926 T.
849 1884 931 1926 ΙΙΙ.
969 1900 1016 1943 p.
1045 1885 1142 1927 461.
1181 1884 1448 1941 singularem
1476 1887 1670 1929 conscri—

402 1959 496 2019 psit
539 1953 910 1999 Dissertationem
950 1950 1005 1993 de
1044 1953 1325 2008 Victorinis,
1373 1970 1484 2011 quae
1529 1963 1672 1997 exstat

404 2031 453 2071 in
483 2028 623 2085 ipsius
653 2027 797 2079 Oper
840 2023 898 2063 Τ
921 2021 976 2062 Π·
1019 2020 1067 2063 P·
1099 2033 1134 2064 I
1177 2039 1225 2082 p-
1252 2025 1349 2069 654.

460 2097 583 2149 Nos,
614 2093 695 2136 ubi
730 2090 1008 2151 quaerimus,
1047 2093 1144 2150 quis
1176 2093 1232 2135 de
1264 2105 1455 2154 quatuor
1483 2089 1673 2136 Victori-

406 2170 506 2221 nis,
538 2166 616 2223 qui
648 2162 811 2222 passim
838 2173 1167 2217 memorantur,
1197 2176 1353 2207 auctor
1382 2161 1519 2203 fuerit
1540 2159 1672 2216 hujus

407 2232 736 2293 Expositionis‚
763 2227 978 2275 videmur
996 2234 1124 2276 nobis
1151 2234 1439 2277 certissimam
1460 2229 1675 2273 rationem

409 2306 570 2366 sequi,
601 2303 636 2345 si
660 2299 802 2363 probe
828 2312 1055 2344 teneamus
1088 2319 1200 2362 quae
1222 2318 1277 2345 ex
1299 2299 1408 2343 libri
1437 2297 1565 2342 titulo
1594 2298 1675 2344 do·

409 2389 578 2421 cemur.
641 2372 730 2414 Hic
762 2374 882 2415 enim
911 2386 1065 2418 auctor
1089 2383 1273 2418 vocatur
1301 2371 1489 2413 Marius
1517 2369 1571 2414 V
1565 2370 1680 2411 icto-

412 2447 548 2489 rinus
594 2453 639 2485 et
685 2439 818 2485 fuisse
857 2443 1024 2486 dicitur
1065 2445 1252 2486 Rhetor
1294 2440 1432 2488 Urbis
1476 2442 1677 2484 Romae.

414 2517 511 2560 Jam
549 2527 685 2566 vero,
732 2514 767 2556 si
805 2511 913 2555 haec
960 2511 1050 2557 duo
1081 2506 1276 2555 ‘tenemus
1299 2543 1313 2566 ,
1345 2510 1445 2571 quis
1482 2508 1678 2559 dubitet,

1568 2590 1677 2632 qum
