1945 3384
360 242 441 288 146
528 243 658 288 CAP.
689 244 770 289 lx.
828 245 906 288 DE
950 244 1164 303 AN‘riQ.
1203 243 1484 295 INTERPR.

362 363 544 408 eonium
569 365 618 409 in
637 364 977 411 Commentariis
1006 363 1139 409 editis
1166 365 1223 410 ad
1249 364 1402 426 plures
1432 367 1629 414 subinde

359 449 573 491 personas
612 435 811 478 locutum
859 450 965 478 esse.
1037 434 1093 476 In
1133 436 1474 479 Commentariis
1523 452 1630 479 vero

362 499 671 545 Ambrosianis
728 514 883 547 auctor
940 504 1108 560 ubique
1158 504 1372 551 lectorem
1416 505 1630 563 singulari

359 586 553 631 persona
582 572 843 633 alloquitur.
902 571 976 613 Sic
999 571 1056 614 ad
1090 574 1217 617 Orat.
1254 575 1304 616 in
1340 573 1549 619 Clodium
1584 584 1629 617 et

362 641 551 684 Curion.
581 643 639 685 Π.
670 643 710 686 4.
748 653 811 695 ,,,’
831 642 910 684 Ne
941 642 1204 697 quaesieris
1225 643 1329 701 ejus
1344 645 1628 699 personam,

358 711 417 753 ‘de
464 728 552 770 quo
600 712 796 754 videtur
825 710 934 757 ,hoc
985 709 1193 753 dicere.”
1261 711 1336 755 Ad
1379 712 1506 756 Orat.
1546 726 1634 770 pro

358 773 562 824 Plancio.
582 781 707 825 VIII.
736 811 768 834 ,‚
787 780 866 822 Ne
895 779 1017 822 lianc
1039 781 1228 823 laudem
1261 783 1385 826 nude
1410 784 1631 838 imperti-

361 850 409 891 ri
452 849 742 904 Atinatibus
785 850 1090 892 arbitreris.'’
1146 850 1220 892 Ad
1270 854 1399 896 Orat.
1442 848 1633 894 eandem

358 914 566 968 XXVII.v
589 933 629 960 2.
677 948 709 970 ‚‚
731 918 867 959 Nota
899 916 1313 974 gratificationem
1339 921 1631 963 molestam.”

358 986 435 1030 Ad
460 989 588 1030 Orat.
609 984 799 1029 eandem
823 981 994 1028 XXXI.
1029 1001 1067 1028 1.
1128 1017 1159 1039 ‚‚
1176 987 1524 1032 Animadverte
1544 1005 1632 1046 quo

355 1050 619 1098 'modestiae
642 1062 1013 1113 temperamento
1043 1054 1160 1097 haec
1181 1060 1515 1116 exsequatur.'’
1559 1058 1634 1102 Ad

358 1122 603 1180 orat..15ro
627 1123 846 1166 Marcello
862 1125 942 1170 VI.
977 1138 1019 1166 2.
1080 1155 1111 1177 ‚‚
1149 1127 1275 1169 Vide
1294 1144 1387 1185 qua
1410 1127 1631 1170 modera-

361 1193 491 1236 tione
508 1191 850 1249 temperaverit
871 1192 1110 1248 eulpam.”
1168 1192 1260 1236 Hae
1277 1196 1367 1250 jam
1387 1194 1632 1249 locutiones

358 1263 396 1305 'si
435 1277 537 1304 cum
581 1261 636 1303 iis
678 1271 1024 1320 comparentur,
1083 1276 1191 1319 quas
1241 1278 1400 1323 supra,
1453 1279 1502 1321 p.
1536 1264 1632 1307 128.

361 1348 418 1377 ex
451 1331 650 1376 Asconio
688 1331 812 1375 edito
861 1332 1119 1385 citavimus,
1161 1347 1253 1375 non
1291 1333 1512 1376 immerito
1545 1330 1632 1374 ali-

363 1419 500 1462 quam
552 1402 720 1445 formae
759 1399 1064 1445 diversitatem
1111 1401 1462 1446 animadvertere
1506 1400 1629 1443 licet.

358 1471 487 1516 Alibi
529 1486 638 1513 vero
685 1474 857 1531 saepius
911 1486 1092 1529 quoque
1137 1471 1430 1512 enarrationis
1487 1469 1631 1510 forma

360 1537 582 1596 ejusmodi
608 1551 704 1594 est,
744 1557 857 1597 quae
881 1541 1108 1598 aptissime
1151 1541 1200 1581 in
1228 1539 1438 1581 dictantis
1465 1552 1627 1596 perso-

358 1625 466 1653 nam
505 1608 668 1651 cadere
719 1608 941 1652 videatur.
1014 1605 1089 1649 Ad
1134 1608 1261 1649 Orat.
1305 1607 1353 1648 in
1410 1605 1539 1649 Clod.
1586 1618 1630 1650 et

358 1675 588 1724 cur.'V1.
629 1693 696 1722 2.-
730 1711 763 1733 „
791 1679 1027 1722 Notemus
1064 1676 1314 1720 verborum
1353 1676 1630 1720 medietates

358 1751 713 1809 elegantissime
742 1749 803 1791 ab
831 1756 1019 1790 oratore
1059 1746 1336 1802 suspendi.'’
1394 1745 1468 1788 Ad
1499 1745 1626 1790 Orat.

361 1815 420 1865 ile
459 1821 580 1876 Rege
614 1816 926 1862 Alexandrino
952 1816 1033 1858 III.
1073 1817 1114 1860 5.
1175 1846 1207 1869 „
1236 1806 1470 1860 Notem'us
1503 1832 1626 1874 gra-

359 1890 517 1934 datim
542 1887 669 1945 fieri
703 1885 1039 1943 argumenta-'⁹
1097 1883 1174 1926 Ad
1214 1886 1340 1927 Orat.
1380 1901 1466 1941 pro
1510 1884 1629 1943 Sylla

357 1960 459 2006 VII.
486 1961 529 2004 5.
579 1989 610 2012 ‚,
634 1955 1097 2000 Animadvertamus
1123 1955 1313 2012 quantis
1343 1955 1520 1998 aculeis
1542 1970 1626 1995 as-

317 2029 328 2041 ‘
352 2014 587 2085 per-itatis
615 2027 855 2070 tallionem
882 2025 952 2067 M.
983 2023 1168 2066 Tullius
1199 2023 1379 2080 reserat
1401 2024 1480 2065 hic
1516 2022 1629 2064 Tor-

364 2096 561 2155 quato-”
604 2094 677 2138 Ad
706 2095 834 2137 Orat.
858 2110 942 2151 pro
968 2092 1149 2137 Plancio
1168 2091 1335 2136 XXVI.
1362 2105 1402 2132 2·
1432 2120 1463 2142 ‚‚
1493 2090 1623 2142 Quae

358 2167 518 2212 omnia
532 2164 815 2224 jactantius
842 2164 903 2207 ab
926 2165 1003 2208 illo
1029 2165 1158 2209 dicta
1175 2197 1187 2218 ,
1220 2177 1362 2220 quam
1392 2161 1630 2216 eleganter

358 2239 510 2280 elevet
539 2244 587 2277 et
625 2235 834 2293 abjiciat
870 2236 939 2276 M.
974 2235 1184 2285 Tullius,
1230 2228 1626 2273 consideremus?

362 2305 440 2353 Ad
482 2307 609 2349 Orat.
658 2305 847 2349 eandem
884 2305 1094 2352 XXVIII.
1129 2318 1167 2346 ι.
1227 2332 1257 2353 ,,
1292 2297 1512 2363 Verbum>
1538 2298 1626 2340 lzoo

359 2391 542 2437 quoque
580 2390 672 2417 non
704 2376 938 2418 incuriose
985 2375 1261 2418 adnotemus
1281 2402 1294 2426 ‚
1326 2369 1452 2428 quod
1491 2365 1626 2410 debi-

360 2447 537 2492 tionem
556 2445 792 2501 p'ecuniae
829 2446 1006 2490 dixit.”

391 2509 395 2514 '
1506 2514 1546 2550 ς.
1580 2517 1620 2547 2.
