1945 3384
624 219 851 304 2230.
905 255 1009 301 xu
1056 250 1168 300 τι
1196 255 1248 314 a.
1525 248 1582 303 δε

860 436 905 489 §-
962 448 1029 478 ιο.
1081 442 1086 487 j

670 539 836 619 '‘Arrej
854 573 915 610 us'
961 539 1107 623 Cap-i
1121 561 1219 611 to(

383 730 437 773 C..
464 728 622 783 Ateius
645 725 833 783 Capito,
864 738 955 767 non
982 723 1262 782 spernendus
1278 723 1462 780 Augusti
1485 729 1581 775 aevi

328 797 465 841 sotus
494 827 508 850 ‚
552 794 684 837 Ofilii
732 791 910 848 auditor
928 826 942 848 ,
986 805 1138 837 utrum
1192 793 1351 837 merito
1402 793 1579 840 haben-⁶

325 865 410 908 dus
453 865 510 905 sit
549 863 834 920 antiquorum
874 862 1170 926 interpretum
1209 875 1396 907 numero
1413 894 1428 915 ‚
1466 875 1584 921 perd}

328 950 461 996 quam
498 931 725 977 dubitasse
763 930 974 976 videntur
1024 930 1355 986 Gothofredus‚
1394 932 1582 977 Baebius

324 1012 370 1044 et
395 1002 743 1061 reliqui-barum
775 1016 926 1043 rerum
960 1001 1196 1060 seriptores
1212 1033 1226 1055 ,
1258 1018 1397 1059 quum
1430 1015 1581 1059 omnes

323 1069 446 1124 Ateji
475 1083 638 1112 nomen
671 1069 721 1111 in
762 1069 1058 1129 interpretum
1088 1070 1267 1112 illorum
1306 1072 1578 1112 commemo}

319 1138 492 1181 ratione
530 1138 769 1184 tacuerint.
827 1136 1102 1188 Bertrandus
1145 1152 1252 1182 vero
1287 1138 1343 1182 de
1372 1140 1581 1196 Jurispe-

322 1208 398 1248 rit.
440 1207 493 1247 L.
519 1207 577 1247 II.
627 1220 665 1247 c.
691 1208 763 1249 51.
804 1206 956 1248 laudat
996 1208 1119 1262 Ateji
1169 1208 1398 1269 Capitonis
1441 1208 1582 1251 Com-

325 1274 543 1324 mentaria
564 1271 620 1318 ad
645 1273 781 1329 Leges
819 1274 905 1317 XII
931 1272 1232 1331 Tabularum5
1265 1278 1370 1330 sed,
1401 1287 1451 1319 ut
1473 1293 1579 1321 rec-

327 1355 372 1387 te
414 1342 527 1386 vidit
575 1343 657 1384 Ev.
697 1344 806 1383 Otto
847 1342 896 1383 in
941 1342 1089 1385 Pra'ef.
1132 1346 1190 1386 Τ.
1203 1346 1295 1388 *111
1344 1345 1481 1388 Thes.
1530 1362 1578 1403 p.

326 1409 540 1455 XXVIII.
581 1422 693 1466 quae
732 1394 1005 1450 Bertrandus
1042 1409 1156 1451 uitat
1187 1412 1333 1465 Ate1i·
1350 1414 1582 1471 Capitonis

325 1477 504 1533 nomine
521 1508 535 1530 ,
578 1487 683 1519 sunt
730 1468 915 1519 Antistii
951 1475 1171 1519 Labeonis
1225 1475 1550 1524 Commentaria
1569 1514 1584 1538 ,

307 1558 505 1592 auctore
539 1543 699 1589 Gellio.
756 1536 1025 1586 Bertrandus
1052 1534 1234 1589 fortasse
1261 1548 1345 1591 sibi
1369 1552 1486 1594 visus
1519 1565 1584 1596 est

328 1616 594 1662 adstruxisse
633 1614 891 1672 opinionem
919 1624 1040 1656 suam
1077 1627 1335 1668 argumento
1371 1634 1422 1674 g1
1424 1621 1580 1668 aussi-

325 1704 426 1745 mog
456 1688 545 1731 boe
571 1696 716 1729 autem
740 1698 879 1743 quum
905 1681 1062 1728 falsum
1087 1700 1178 1728 esse
1203 1687 1466 1745 probaverit
1488 1692 1577 1732 Ot-

329 1770 400 1813 to,
431 1771 562 1802 nemo
602 1772 694 1800 non
730 1755 914 1810 Ateium
947 1750 1075 1794 facile
1110 1752 1396 1813 antiquorum
1427 1759 1577 1802 inter-

323 1838 503 1886 pretum
526 1841 712 1870 numero
738 1822 961 1868 excludet.
1018 1822 1280 1865 Heineccius
1312 1823 1343 1867 l.
1366 1841 1404 1868 c.
1433 1842 1483 1883 p.
1497 1828 1578 1886 ‘290

324 1897 532 1957 opinatur
554 1896 737 1951 Atejum
772 1893 968 1937 fortassis
1004 1891 1092 1936 XII
1123 1890 1315 1934 Tabulas
1343 1893 1580 1952 interpre-·

326 1976 465 2009 tatum
484 1966 600 2012 esse,
633 1965 804 2020 quippe
827 1964 953 2017 eujus
980 1962 1174 2014 menti0‚
1205 1963 1324 2020 apud
1354 1964 1576 2019 Plinium,

279 2027 282 2031 ’
329 2049 430 2078 eum
456 2030 684 2077 Scaevolae
711 2040 757 2072 et
787 2032 841 2073 L.
869 2030 987 2075 Aelii
1025 2030 1433 2074 commemoratione
1460 2038 1574 2075 con-'

327 2092 553 2159 jungatur.
620 2099 716 2141 Hoc
765 2109 913 2141 autem
955 2115 1087 2158 quam
1125 2099 1218 2141 leve
1259 2099 1314 2139 sit
1357 2098 1490 2141 modo
1527 2102 1577 2144 in

328 2170 457 2214 Ofilii
503 2168 772 2228 expositione
816 2168 1103 2211 ostendimus.
1173 2167 1224 2209 In
1274 2165 1352 2208 illo
1394 2168 1578 2227 quidem

325 2237 461 2281 Plinii
483 2238 583 2282 loco
622 2252 713 2280 non
740 2237 805 2279 L.
829 2238 1004 2282 Aelius
1041 2235 1116 2279 sed
1148 2236 1345 2278 Laelius
1376 2252 1574 2284 comme-

326 2318 522 2350 moratur
541 2326 553 2350 ε
599 2307 683 2352 hoc
717 2319 856 2351 autem
894 2322 987 2350 non
1027 2303 1158 2348 'valde
1191 2304 1444 2360 urgendum
1478 2321 1574 2363 est,

324 2388 461 2431 quum
501 2386 626 2418 vetus
657 2375 733 2419 ille
772 2377 1026 2435 intel-pra,
1066 2372 1123 2416 de
1171 2389 1263 2433 quo
1298 2389 1435 2433 supra
1477 2380 1570 2432 egi-

326 2458 448 2495 mus,
475 2443 526 2484 in
551 2447 744 2505 antiquis
769 2444 994 2490 Ciceronis
1020 2442 1293 2487 editionibus
1317 2457 1419 2488 ante
1446 2447 1570 2487 Tur-

328 2511 430 2555 nebi
459 2512 839 2570 emendationem,
867 2517 975 2558 item
1008 2523 1238 2558 vocaretur
1269 2515 1462 2557 Laelius
1476 2532 1496 2565 ,·
1528 2529 1574 2560 et

1458 2584 1578 2629 Got-
