1945 3384
755 259 1258 315 TERENTIB
1544 269 1627 314 103

661 388 775 448 quia
809 404 920 432 vere
957 386 1188 432 Eunuchi
1221 393 1313 429 aut
1330 383 1411 427 'ex
1449 391 1618 432 candi.

657 459 869 502 cli-'simis
911 455 1187 514 lentiginosi
1217 452 1219 456 ’
1230 452 1373 512 fiunt
1392 484 1407 508 ‚
1470 464 1528 499 ut
1568 472 1626 501 ex

663 527 815 571 Gallia
832 555 848 578 ‚
895 535 944 567 et
990 525 1262 582 hujusmodi
1309 525 1625 570 occidentali-

659 597 773 638 bus.-
796 602 884 636 aat
918 609 973 638 ex
992 589 1183 647 fuscis,
1213 594 1457 651 sublividi,
1485 607 1543 642 ut
1567 612 1625 642 ex

666 663 933 715 Armeniis,
968 669 1018 704 et
1051 662 1163 705 aliie
1199 661 1537 711 Orientalibus.

423 738 510 780 Hic
537 734 722 796 quidem
749 733 914 779 Donati
939 730 1064 774 locus
1094 729 1434 789 Lindenbrogio
1457 745 1501 777 et
1530 735 1622 779 Fa-

367 808 512 852 bricio
544 805 680 850 fuerit
710 803 906 857 indicio,
950 816 1085 861 quem
1123 799 1334 858 equidem
1365 813 1506 847 totum
1530 820 1624 862 pu-

371 876 551 919 taverim
584 867 841 925 c'onfusum‚
880 887 965 915 nec
1000 869 1161 916 talem.
1207 870 1350 927 qualis
1383 873 1466 916 iste
1505 890 1629 917 nune,

342 946 452 999 sit,
494 963 519 987 a
557 944 719 987 Donati
757 957 890 984 manu
933 939 1187 999 profectum
1198 955 1214 992 3
1263 952 1308 984 et
1343 941 1412 985 vel
1457 943 1629 987 Graeca

367 1014 450 1057 ista
479 1017 528 1063 ὦς
558 1012 655 1067 παρ’
692 1012 974 1067 Ἀριστοφάνει
998 1014 1039 1056 ἐν
1063 1012 1277 1067 Νεφέλαις
1306 1008 1495 1055 alienam
1520 1027 1619 1053 ma·-

369 1096 478 1124 num
503 1078 723 1123 indicant.

930 1220 972 1272 §-
1032 1216 1073 1259 8.

731 1353 997 1398 Flavius
1043 1353 1266 1412 Caper.

430 1495 491 1537 Et
528 1493 652 1534 hunc
678 1506 858 1549 quoque
888 1490 1041 1535 malim
1077 1490 1247 1535 referre
1277 1491 1327 1533 in
1364 1506 1518 1535 eorum
1546 1510 1636 1536 nu-

377 1579 582 1617 merum,
627 1561 683 1605 de
733 1561 897 1621 quibus
927 1574 1020 1602 non
1059 1560 1163 1603 satis
1206 1570 1330 1619 cetto
1369 1571 1542 1603 constat
1584 1578 1640 1604 an

375 1633 480 1676 data
518 1647 687 1693 operq,
734 1631 914 1690 scriptis
955 1632 1331 1685 CommentariiS,
1379 1632 1644 1678 Terentium

377 1701 717 1744 illustraverint.
775 1700 833 1743 Et
862 1715 969 1745 vero
993 1715 1214 1759 nusquam
1241 1709 1386 1743 exstat
1410 1699 1543 1756 hujus
1575 1702 1643 1745 rei

376 1769 603 1810 memoria.
663 1769 1032 1826 Lindenbrogius
1060 1782 1206 1812 tamen
1237 1772 1286 1812 in
1318 1772 1553 1813 Observat.
1584 1771 1642 1813 ad

379 1840 541 1882 Donat.
581 1853 628 1896 p.
658 1840 754 1883 631.
795 1848 840 1881 et
876 1828 1110 1880 Fabricius
1145 1840 1194 1882 in
1229 1839 1346 1882 Bibl.
1379 1840 1481 1883 Lat.
1523 1841 1579 1883 T.
1604 1841 1642 1885 Ι.

379 1925 427 1967 p.
452 1906 522 1964 49.
562 1909 713 1965 ipsum
741 1921 833 1949 non
862 1905 1123 1948 dubitanter
1168 1907 1290 1950 inter
1328 1909 1534 1951 Terentii
1564 1909 1643 1950 in-

385 1987 603 2033 terpretes
631 1976 864 2019 referuntz
897 1973 1002 2024 sed,
1035 1990 1146 2033 quae
1174 1977 1267 2018 sint
1298 1977 1430 2033 hujus
1460 1978 1525 2019 rei
1551 1987 1645 2019 tes-

387 2046 592 2099 timonia‚
624 2060 716 2088 non
744 2043 936 2086 addunt.
965 2043 1172 2089 Fortasse
1200 2044 1248 2086 in
1272 2045 1648 2103 eam-opinionem

384 2113 506 2172 ipsos
542 2111 786 2161 adduxerit
821 2111 1076 2166 Charisius,
1109 2113 1187 2171 qui
1230 2130 1275 2170 p.
1302 2116 1396 2170 175.
1425 2113 1498 2158 4ο.
1536 2112 1648 2155 haec

368 2180 548 2224 habet:
608 2212 639 2236 ,‚
680 2181 839 2224 Alias.
874 2195 965 2237 pro
995 2181 1154 2223 aliter.
1204 2183 1395 2225 Terent·
1432 2182 1482 2224 in
1515 2181 1648 2226 And.

391 2249 503 2304 [111.
534 2265 576 2293 2.
606 2250 710 2309 49.]
769 2268 791 2297 «
822 2250 953 2304 Quid
980 2250 1106 2293 alias
1139 2252 1302 2295 malim
1333 2265 1478 2309 quam
1514 2251 1651 2293 hodie

391 2319 480 2361 has
506 2319 629 2377 fieri
662 2321 857 2379 nuptias
877 2320 908 2339 '³
938 2320 1020 2363 ubi
1051 2319 1120 2361 FL
1161 2320 1348 2377 Caper.-
1390 2320 1448 2362 de
1482 2321 1652 2363 latini-

384 2393 492 2432 ,tate
518 2405 609 2432 non
637 2390 796 2434 ausim
815 2389 1079 2450 affirmare,
1109 2390 1233 2434 alias
1250 2405 1344 2447 pro
1369 2390 1512 2433 aliter
1531 2389 1652 2431 dici.-

392 2470 502 2506 nam
550 2473 698 2516 neque
732 2475 991 2517 pronomen
1024 2468 1132 2512 est,
1186 2474 1333 2515 neque
1382 2456 1656 2500 adverbium

400 2527 623 2582 temporis
656 2540 731 2572 est
744 2548 771 2581 ,f
801 2529 886 2572 sed
908 2528 1181 2590 proximum
1208 2542 1320 2569 vero
1344 2532 1446 2577 est,
1477 2533 1533 2567 ut
1559 2541 1655 2584 pro

1580 2611 1659 2651 eo,
