1945 3384
626 282 1128 332 TEREnTIt.
1426 295 1503 340 ³07

257 410 429 474 graphii
466 410 819 465 Commentario,
862 423 919 452 ex
947 404 1068 452 Bibl
1098 401 1226 447 Leid-
1255 413 1417 448 nactus
1449 415 1517 446 est

261 483 496 542 antiquum
547 473 760 525 codicem
798 479 1018 537 Dionysii.
1040 475 1209 521 Patavii
1225 507 1240 530 ,
1286 476 1337 518 in
1388 475 1516 530 cujus

258 569 436 614 quoque
493 551 642 595 fronte
706 546 819 589 haee
876 547 1015 589 verba
1067 545 1298 604 adscripta
1346 551 1515 587 erant·

256 622 531 683 „Rufinus
574 618 622 660 in
657 616 997 661 Commentario
1035 613 1093 657 de
1135 615 1309 657 Metris
1351 613 1520 658 Euan-

255 694 409 738 thium
445 686 748 734 Sacerdotem
781 688 831 730 in
866 685 1145 731 Terentium
1194 684 1366 726 citat.”
1427 681 1518 724 Sed

259 765 338 821 qui
371 764 421 803 in
450 758 528 802 illo
572 755 739 801 Codice
767 756 957 799 Rufinus
987 753 1274 804 nominatur,
1304 753 1426 795 idem
1450 762 1516 794 est

259 831 338 890 qui
367 826 659 874 Grammatici
697 823 971 869 Antiocheni
1002 824 1181 865 nomine
1215 820 1360 864 editus
1392 832 1460 864 est
1493 838 1519 863 a

255 899 500 952 Putschi03
535 913 625 964 quo
663 894 779 936 sacto
824 891 882 933 sit
917 889 1052 934 modo
1091 891 1274 934 unicum
1315 892 1518 934 testimo-

257 972 383 1014 nium
402 990 415 1015 ι
449 966 571 1028 quod
602 977 692 1024 quo
725 960 872 1004 verius
903 970 1223 1017 cognoscatur,
1254 961 1401 1018 ipsum
1433 976 1516 1004 ex-

258 1041 490 1081 hibeamus
512 1038 676 1080 locum.
735 1033 815 1074 Est
839 1032 974 1087 igitur
1001 1029 1287 1086 hujusmodit
1343 1060 1376 1085 ‚‚
1405 1031 1518 1074 Eu-

258 1107 453 1150 anthius
489 1106 537 1146 in
583 1100 929 1145 Commentario
976 1099 1192 1141 Terentii
1231 1099 1289 1141 de
1311 1100 1485 1156 fabula
1505 1132 1518 1154 ‚

259 1177 344 1219 lzoe
368 1184 471 1226 est,
504 1174 559 1216 de
606 1169 856 1215 Comoedia
885 1167 954 1210 sic
977 1166 1132 1209 dicit.-
1168 1166 1407 1210 concinna
1433 1183 1539 1210 ar-⁴

255 1253 478 1304 gumento
494 1273 508 1296 ‚
537 1239 871 1285 consuetudini
902 1251 1140 1292 congrua,
1171 1236 1308 1278 utilis
1331 1245 1523 1279 senten·

263 1318 379 1368 tiis,
417 1321 563 1369 grata
606 1310 817 1360 salibus,
858 1315 977 1363 apta
1012 1314 1175 1348 metro.
1244 1307 1318 1349 Et
1349 1315 1526 1364 postea

263 1388 367 1429 sic.-
401 1383 599 1429 Veteres
632 1380 726 1424 etei
764 1379 844 1422 usi
878 1377 977 1433 ipsi
1018 1391 1200 1434 quoque
1234 1377 1401 1421 metris
1436 1393 1525 1420 ne-

259 1444 520 1510 gligentius
551 1451 751 1506 jambici
783 1463 950 1492 versus
981 1446 1219 1491 duntaxat
1248 1449 1298 1489 in
1324 1448 1526 1490 secundo

265 1531 314 1565 et
355 1529 522 1578 quarto
567 1522 663 1563 loco
684 1551 697 1572 ,
739 1528 897 1562 tamen
938 1532 969 1558 a
1012 1517 1233 1561 Terentio
1267 1518 1529 1560 vincuntur

265 1590 543 1634 resolutione
583 1590 726 1647 hujus
767 1587 910 1629 metri
948 1598 1178 1645 quantum
1200 1594 1368 1641 potest
1396 1602 1526 1628 com·-

266 1660 441 1702 minuti
483 1658 550 1700 ad
596 1658 851 1712 imaginem
880 1672 1057 1713 prosae
1101 1653 1384 1699 orationic.”
1442 1654 1527 1696 Hie

266 1729 417 1784 itaque
463 1726 587 1768 locus
621 1725 878 1767 Fabricium
920 1725 969 1766 in
1016 1738 1112 1768 eam
1152 1723 1410 1781 opinionem
1438 1721 1525 1764 ad-

267 1795 442 1838 duxisse
474 1793 678 1846 videtur,
709 1803 760 1834 ut
785 1792 991 1835 crederet
1013 1792 1288 1834 Euanthium
1316 1791 1527 1849 aliquan-

267 1864 327 1908 do
374 1862 579 1907 Terentii
628 1862 797 1905 fabulas
841 1861 1083 1904 illustrasse
1099 1878 1112 1903 ι
1157 1877 1294 1919 quam
1348 1862 1531 1921 quidem

272 1933 530 1991 opinionem
560 1930 743 1973 nonita
771 1929 900 1972 facile
936 1945 1125 1988 sequar,
1154 1930 1242 1972 nisi
1274 1930 1358 1973 alia
1391 1949 1528 1989 argu-

272 2012 419 2044 menta
446 1999 702 2042 afferantur.
762 1999 858 2041 Etsi
899 2000 1020 2042 enim
1053 2001 1312 2044 nominatim
1346 2001 1531 2060 quidem

273 2070 546 2119 Euanthius
578 2068 626 2110 in
668 2067 1014 2114 Commentario
1056 2071 1272 2114 Terentii
1307 2084 1529 2113 memore-

276 2151 375 2194 tur,
406 2138 513 2181 licet
550 2149 693 2180 tamen
736 2138 947 2182 dubitare
983 2157 1040 2182 an
1071 2142 1424 2184 Commentarius
1450 2143 1535 2185 iste

277 2209 527 2270 quidquam
553 2206 669 2250 aliud
700 2207 861 2261 fuerit,
894 2225 1028 2267 quam
1053 2209 1433 2268 disputatiuncula
1458 2209 1535 2251 illa

281 2276 336 2317 de
376 2277 626 2334 Tragoedia
654 2290 698 2321 et
730 2278 996 2332 Comoedia,
1026 2296 1139 2337 quae
1178 2280 1405 2337 plerisque
1434 2281 1532 2322 Te·-

278 2346 414 2386 rentii
457 2346 728 2390 editionibus
767 2348 1100 2405 praemittitur,
1146 2346 1280 2391 modo
1314 2348 1534 2399 Cornuti,

281 2414 414 2458 modo
455 2417 619 2473 Asperi
665 2419 832 2460 nomini
870 2419 1062 2474 tributa3
1097 2416 1459 2477 quandoquidem
1487 2418 1535 2459 in

283 2483 358 2528 illo
383 2483 536 2526 libello
571 2502 620 2528 ea
648 2488 744 2544 ipsa
778 2489 989 2532 Euanthii
1029 2490 1196 2543 verba,
1228 2505 1340 2548 quae
1367 2487 1535 2530 Gram-

997 2559 1035 2599 Ο
1071 2572 1093 2599 2
1439 2571 1538 2598 ma-
