1945 3384
480 354 546 399 M.
599 338 866 399 TULLH
908 348 1335 401 c1cERoN1s.
1459 349 1541 407 ‚249

265 483 405 519 ment.
434 477 611 535 adfert.
674 476 895 521 Ceterum
923 474 1325 521 commentarium
1350 485 1530 528 anony-

233 595 237 600 .
267 546 333 587 mi
362 546 506 604 liujus
539 547 832 590 scholiastae
855 540 907 587 ¹in.
927 547 1144 602 priorem
1160 551 1358 601 partem
1397 540 1528 583 Ora-

266 614 408 657 tionis
429 632 524 673 pro
554 617 661 658 Sex.
693 615 895 666 Roscio,
926 615 976 655 in
1013 614 1318 655 Gronoviana
1347 609 1528 653 editio-

263 695 319 723 ne
358 699 553 740 quaeres
585 686 635 726 in
678 682 879 725 Clariss.
908 681 1106 724 editoris
1124 679 1482 738 praefatione.’'

316 751 455 793 Recte
486 752 717 794 Fabricius
734 747 815 790 ubi
837 762 930 789 non
958 748 1091 805 plane
1120 761 1289 792 certum
1308 765 1400 791 esse
1423 748 1524 791 exi·

261 820 411 861 stimat
446 834 503 861 an
548 815 869 861 Commentarii
906 815 1031 859 istius
1068 828 1223 865 auctor
1261 819 1316 861 sit
1350 810 1525 864 Vulca-

261 891 363 932 tius.
424 890 548 948 Quin
572 901 616 933 et
645 889 731 932 hoc
754 904 847 931 non
883 888 943 930 ita
970 886 1100 930 facile
1124 887 1366 930 credidisse
1390 887 1523 931 vide·

261 970 335 1001 tur
373 959 614 1012 Graevius,
659 954 1035 1018 quemadmodum
1071 967 1197 1014 patet
1228 974 1282 1000 ex
1319 958 1526 1017 inscrip-

259 1030 409 1082 tione,
456 1042 588 1086 quam
631 1025 887 1082 hujusmodi
910 1027 1016 1070 fecit
1049 1027 1292 1086 Anonymi
1330 1027 1530 1073 Vetusti

257 1098 544 1153 Inter-precis
567 1097 728 1139 Notae
757 1113 807 1138 „12
837 1096 1141 1150 Orationem,
1174 1108 1258 1140 etc.
1292 1108 1386 1139 tum
1419 1110 1527 1139 vero

260 1166 393 1207 etiam
430 1164 592 1207 exinde
631 1162 754 1223 quod
789 1165 839 1206 in
864 1162 1197 1217 ’Praefatione,
1242 1167 1322 1207 ubi
1351 1165 1417 1208 de.
1441 1167 1528 1208 isto

262 1235 511 1290 fragmento
542 1234 744 1284 disserit,
776 1234 959 1277 omnino
984 1233 1191 1284 Vulcatii
1212 1249 1374 1276 nomen
1412 1236 1528 1276 reti—

264 1313 374 1345 ceat.
424 1332 453 1355 „
485 1302 779 1358 Interpretes
798 1334 812 1353 ‚
840 1303 1023 1360 inquit,
1052 1305 1263 1361 accipies
1295 1307 1523 1360 integros.

263 1371 529 1413 Ascanium
566 1387 674 1414 cum
716 1373 825 1415 MS.
854 1388 885 1414 a
915 1388 987 1414 me
1015 1374 1262 1424 collatum,
1294 1383 1342 1417 et
1384 1375 1527 1417 scho-

261 1441 432 1482 liasten
457 1456 736 1499 anonymum
754 1474 768 1496 ,
800 1458 935 1500 quem
968 1442 1079 1485 olim
1114 1457 1296 1485 mecum
1317 1460 1529 1488 comma-

264 1509 442 1552 nicavit
484 1513 501 1555 ὅ
549 1512 657 1556 πάνυ
695 1511 896 1555 Isac'ieus
934 1513 1161 1565 Vossius,
1203 1522 1252 1556 et
1292 1531 1426 1571 quem
1473 1533 1529 1560 ex

263 1576 423 1618 eodem
454 1575 572 1619 libro
614 1579 904 1637 descriptam
941 1583 1210 1638 divulgavit
1242 1585 1291 1625 in
1323 1586 1531 1627 editione

263 1645 512 1687 novissim
546 1647 775 1691 Leidensi
817 1649 910 1695 Vir
947 1649 1286 1698 celeberrimas
1328 1652 1532 1698 ,lacobus

266 1714 575 1757 Gronovius.'’

317 1781 463 1825 Vossii
501 1782 783 1841 opinionem,
824 1802 987 1840 nemo,
1029 1799 1248 1846 quantum
1283 1792 1405 1845 scio,
1443 1809 1522 1838 se-

258 1860 384 1892 cutus
408 1861 501 1903 est3
535 1851 747 1909 equidem
775 1854 934 1897 vellem·
957 1854 1201 1899 addidisset
1221 1859 1402 1903 Vossius
1425 1864 1526 1921 qui·

258 1921 447 1964 busnam
477 1920 657 1964 indiciis
692 1920 741 1962 in
775 1932 864 1964 tam
905 1923 1016 1966 altae
1044 1926 1324 1983 antiquitatis
1367 1932 1518 1992 suspi-

261 1989 431 2032 cionem
467 1987 687 2031 adductus
719 2001 870 2044 esset3
918 1992 1288 2053 quandoquidem
1327 1999 1524 2043 Vulcatii

260 2057 478 2100 Gallicani
511 2070 656 2111 aetas,
686 2070 798 2101 teste
826 2061 959 2105 Saxio
992 2065 1041 2105 in
1084 2068 1246 2110 Onom.
1279 2069 1368 2111 Lit.
1401 2072 1457 2113 T.
1483 2072 1520 2118 I.

257 2142 305 2188 P·
322 2128 417 2184 578.
445 2127 680 2175 referenda
703 2130 760 2172 sit
784 2128 841 2173 ad
866 2148 905 2174 a.
922 2146 1020 2191 290.
1048 2132 1096 2176 id
1120 2147 1212 2191 est,
1241 2136 1298 2180 ad
1322 2155 1372 2182 ea
1398 2151 1518 2186 tem-

1429 2225 1522 2267 Po·

215 2331 218 2335 ⁴
258 2317 393 2354 rium?
421 2318 522 2356 Haec
536 2320 709 2365 Vossiu53
728 2320 866 2358 fallitur
911 2337 988 2373 219.
1011 2327 1198 2375 Auebepsa
1226 2343 1291 2366 vas
1311 2333 1523 2380 aquarium,

255 2376 379 2408 autem
413 2374 476 2412 ille
511 2379 575 2415 ubi
603 2380 778 2419 Verrinas
812 2381 867 2417 ci·
910 2386 1009 2435 quod
1024 2388 1218 2437 interjecta
1241 2390 1382 2427 lamina
1392 2391 1524 2440 sabri-

257 2432 335 2473 tat3
364 2432 549 2472 citandum
580 2446 676 2476 esset
705 2452 785 2490 cap.
809 2444 864 2486 46.
911 2446 1004 2481 catis
1025 2448 1339 2497 artefornaclbus
1361 2450 1519 2485 calidam

258 2486 378 2552 Orat..
404 2503 472 2538 pro
509 2494 638 2533 Roscio
680 2499 866 2537 Amerino.
908 2511 1038 2552 portat
1054 2521 1066 2541 .-
1098 2510 1243 2556 portati
1283 2493 1392 2543 simul‘
1425 2509 1519 2554 igni-5

259 2542 481 2612 Schollastfie
515 2549 638 2590 locum
667 2556 718 2594 sic
754 2559 869 2595 corri-
912 2568 1094 2604 contrarii
1114 2567 1278 2605 elementi
1294 2566 1442 2616 dcfimsa
1462 2566 1518 2602 vi·

251 2602 416 2652 gendum
436 2605 574 2653 judicat
609 2612 793 2655 Graevius
828 2632 866 2669 p·
912 2623 1056 2660 ciuicas.

934 2677 1032 2736 '1⁸‘5
