1945 3384
423 304 489 351 M.
532 298 797 356 Tun-11
840 276 1266 346 cmmmm‘s.
1395 296 1476 353 157

224 428 359 481 dam,
386 442 470 470 nec
505 424 737 484 deputabo
779 422 823 467 te
853 424 980 466 inter
1019 418 1314 463 christianos
1331 445 1346 469 ,
1386 417 1482 461 nisi

224 500 275 541 in
293 495 511 540 Ecclesia
541 495 726 539 Christi
746 502 792 537 te
817 489 1024 536 videro.”
1071 488 1157 531 Ille
1181 494 1342 541 autem
1363 486 1483 528 irri-

225 569 392 620 debat,
422 564 612 607 dicens.-
654 581 678 607 «
701 562 835 618 Ergo
853 560 1068 616 parietes
1081 558 1285 616 faciunt
1314 555 1485 600 Chris-

225 635 419 681 tianos?
435 634 465 654 ''
523 632 595 675 Et
630 629 715 674 hoe
748 643 887 684 saepe
925 627 1137 681 dicebat,
1154 628 1270 686 jamv
1298 642 1350 669 se
1385 641 1487 668 esse

159 731 169 738 ·
229 704 588 752 Christianum,
618 707 668 741 et
701 694 1040 751 Simplicianus
1082 695 1202 739 illud
1233 712 1375 753 saepe
1403 712 1485 738 re..

224 771 484 831 apondebat
502 797 515 818 ,
556 772 606 807 et
649 778 789 820 saepe
826 762 886 805 ab
924 762 1002 805 illo
1024 765 1274 820 parietum
1317 765 1486 809 irrisio

225 833 577 898 repetebcttur.’'
1180 871 1183 873 ,
1449 829 1452 832 “

256 908 384 953 .Huc
426 906 577 961 itaque
617 901 742 945 redit
776 913 928 945 nostra
957 902 1015 947 de
1054 903 1188 958 hujus
1228 903 1494 946 Rhetoricae

231 973 531 1037 Expositionis
571 982 751 1015 auctore
788 974 1009 1016 sententia
1023 991 1043 1017 -:
1088 973 1409 1017 Commentarii
1444 973 1494 1014 in

231 1047 342 1090 duos
384 1044 612 1088 Ciceronis
653 1042 790 1085 libros
830 1041 886 1083 de
931 1043 1196 1086 Inventione
1248 1041 1491 1084 Rhetorica

232 1115 390 1174 scripti
427 1124 529 1158 sunt
566 1109 763 1153 aMario
796 1111 1057 1164 Victorino,
1087 1113 1192 1154 artis
1220 1112 1491 1155 Rhetoricae

228 1185 497 1241 peritissimo
518 1182 719 1232 doctore,
747 1177 928 1238 homine
949 1180 1141 1235 Pagano‚
1167 1179 1349 1221 natione
1367 1180 1492 1230 Afro,

232 1254 311 1311 qui
339 1251 426 1294 alta
454 1251 633 1292 demum
657 1259 885 1290 senectute
908 1249 1212 1291 Christianam
1236 1248 1496 1304 religionem.

235 1321 459 1380 professus
479 1330 572 1372 est3
604 1318 664 1358 ita
684 1327 734 1358 ut
758 1315 813 1357 ab
838 1315 925 1359 hoc
949 1317 1094 1377 probe
1119 1317 1321 1361 discerni
1344 1318 1493 1363 debe-

236 1400 314 1432 ant
335 1391 592 1432 Victorinus
608 1420 621 1442 ,
641 1387 966 1430 Pitabionensis
987 1387 1262 1444 Episcopus,
1281 1403 1498 1431 memora-

236 1468 306 1499 tus
335 1452 604 1516 Hieronymo
634 1457 690 1500 de
723 1456 889 1500 Illustr.
919 1454 1046 1498 Eccl.
1084 1454 1253 1514 Script.
1285 1473 1325 1501 c.
1348 1457 1419 1515 74.
1449 1468 1496 1500 et

234 1528 493 1570 Victorinus
513 1558 526 1579 ,
556 1526 709 1571 rhetor
737 1525 1049 1579 Massiliensis,
1077 1537 1344 1568 memoratus
1374 1527 1499 1568 Gen-

237 1593 372 1636 nadio
394 1593 449 1636 de
466 1593 537 1637 Ill.
567 1595 693 1637 Eccl.
722 1594 821 1639 Scr.
852 1610 893 1637 c.
917 1597 987 1638 60.
1016 1605 1063 1637 et
1095 1594 1355 1639 Victorinus
1376 1623 1390 1646 ,
1419 1608 1497 1634 na-

237 1663 358 1704 tione
391 1661 701 1720 ·Aquitanicus
721 1694 735 1717 ,
776 1675 1042 1707 memoratus
1071 1662 1218 1707 eidem
1259 1661 1498 1707 Gennadio

238 1729 293 1773 de
324 1730 393 1774 111.
423 1731 548 1774 Ecel.
581 1731 680 1775 scr.
720 1717 856 1778 0.'38.

295 1797 525 1857 Expositio
556 1803 811 1857 Victorini,
842 1818 954 1861 quae
980 1802 1155 1846 duobus
1183 1803 1313 1846 libris
1341 1803 1495 1849 absol-

239 1867 384 1921 vitur,
418 1874 672 1932 conscripta
705 1886 801 1928 est,
832 1873 956 1932 quod
994 1871 1051 1914 ad
1089 1872 1277 1916 formam
1307 1873 1498 1926 attinet,

240 1937 395 1996 eadem
432 1942 630 1998 ratione,
674 1945 762 2003 qua
802 1942 988 1985 Asconii
1025 1942 1370 1986 Commentariie
1401 1943 1432 1988 i.
1456 1959 1497 1987 e.

241 2008 614 2068 quemadmodum
650 2013 832 2055 Asconii
874 2013 1190 2056 Commentarii
1232 2011 1498 2072 explicatio-

242 2095 345 2122 nem
368 2081 601 2123 continent
626 2080 899 2136 singularum
920 2083 1014 2126 fere
1040 2080 1362 2126 sententiarum
1386 2095 1503 2138 quae

167 2148 169 2151 ’
240 2147 288 2189 in
318 2148 604 2192 Orationibus
631 2163 918 2205 occurrunt,
947 2152 1008 2194 ita
1039 2150 1262 2198 Victorini
1299 2150 1497 2211 Exposi-

243 2217 306 2258 tio
336 2218 658 2276 interpretatur
686 2218 876 2276 singulas
911 2221 1152 2264 sententias
1184 2236 1240 2264 ex
1273 2219 1407 2264 libris
1440 2219 1500 2265 de

240 2285 505 2331 Inventione
546 2288 814 2342 Rhetorica3
847 2307 940 2334 non
977 2303 1044 2334 est
1074 2293 1212 2347 igitur
1251 2292 1394 2336 oratio
1431 2292 1500 2334 in-

243 2360 362 2406 tegra
381 2386 394 2406 ‚
422 2354 502 2398 sed
524 2368 676 2399 auctor
701 2359 825 2415 quasi
857 2358 914 2401 ad
949 2359 1196 2416 marginem
1222 2362 1394 2405 notavit
1426 2361 1500 2404 Ci-

245 2423 415 2480 ceronis
442 2426 578 2468 verba
604 2441 716 2484 quae
744 2427 1046 2486 explicaturus
1076 2440 1191 2473 esset
1213 2431 1352 2473 ethis
1373 2446 1499 2473 suam

243 2485 454 2554 deinceps
481 2495 826 2552 explicationem
853 2490 1101 2558 subjunxit.
1159 2498 1249 2543 Sed
1289 2500 1336 2541 ut
1362 2499 1502 2542 Asco-

244 2556 308 2601 nii
334 2568 379 2602 et
401 2561 624 2611 Victorini
658 2584 914 2626 opera—non
951 2566 1140 2612 multum
1168 2566 1374 2611 differant
1409 2565 1503 2608 for·

896 2637 939 2682 V
967 2639 993 2682 5
1402 2629 1504 2696 ma,
