1945 3384
502 299 574 384 -Μζ
609 333 882 381 runnu
928 334 1349 380 clennoms.
1423 296 1592 399 216ss

347 460 437 506 Sed
468 458 722 508 Macrobius
755 458 838 504 etsi
873 458 1166 517 peregi-inm,
1207 455 1299 501 sive
1329 459 1542 504 Christia-

274 543 387 588 nus,
416 532 509 577 sive
528 531 745 595 Ethnicus
773 528 935 582 fuerit,
964 528 1014 569 in
1038 526 1171 569 libris
1193 526 1282 571 suis
1307 543 1378 572 res
1408 540 1531 573 trac-

257 609 374 654 tat,
404 617 516 661 quae
548 600 719 657 egregie
746 599 962 644 Veterum
991 596 1275 654 philologiam
1300 609 1349 642 et
1378 598 1533 657 philo-

255 670 479 727 sophiam
523 668 763 715 illustrant.
821 666 1136 709 Conviviomm
1184 666 1538 711 saturnaliorum

275 736 407 780 Libri
437 738 523 781 VII
567 735 950 795 complectuntur,
992 733 1115 776 haud
1153 736 1295 777 minus
1323 752 1373 779 ac
1402 736 1539 780 Gellii

276 805 440 847 Noctes
459 834 474 857 ‚
517 818 588 845 res
635 801 952 845 diversissimas
969 832 985 857 ‚
1033 819 1146 862 quae
1189 814 1337 859 tamen
1386 820 1539 848 omnes

279 885 418 914 suumv
437 870 634 927 singulae
664 872 905 916 conferunt
938 870 995 917 ad
1018 873 1233 919 Veterum
1267 874 1539 932 scriptorum

278 938 634 996 intelligentiam.
709 941 826 985 Sunt
868 943 948 1001 qui
987 950 1179 1002 putent,
1224 936 1537 985 Macrobianos

278 1009 628 1053 Commentarios
658 1011 706 1054 in
738 1012 968 1056 Somnium
994 1009 1218 1069 Scipionis
1245 1022 1337 1053 esse
1364 1007 1538 1071 partem

278 1080 657 1133 saturnaliorum,
685 1095 924 1141 perperam
945 1077 1002 1122 ab
1025 1077 1114 1121 illis
1137 1076 1367 1133 divulsam.
1411 1081 1536 1139 0³pi-

278 1159 414 1192 natur
445 1149 509 1191 sic
550 1147 757 1191 Barthius
793 1148 851 1190 ad
886 1146 1120 1190 Claudian.
1161 1164 1209 1205 p.
1236 1150 1333 1206 918.
1363 1159 1409 1192 et
1437 1164 1537 1206 79¹·

275 1218 357 1261 ubi
392 1227 548 1261 narrat
576 1233 623 1270 se
652 1218 702 1261 in
731 1217 1004 1262 membranis
1028 1231 1163 1260 manu
1196 1209 1386 1275 exaratis
1414 1217 1536 1259 anti-

279 1288 501 1347 quissimis
535 1287 653 1330 hanc
680 1287 901 1330 in‘venisse
931 1285 1300 1345 inscriptionemt
1341 1282 1540 1329 Macro-

276 1356 354 1401 bii.
371 1356 634 1401 Theodosii·
649 1355 764 1401 Vin·
795 1353 1068 1400 Consularis
1095 1361 1144 1396 et
1166 1352 1379 1399 Illastris
1406 1356 1542 1400 Gom-

278 1428 618 1472 mentm-iorum
660 1427 835 1470 tertiae
868 1425 969 1468 diei
1001 1423 1396 1485 Saturnaliorum·
1415 1426 1539 1482 liber

262 1497 458 1553 »primus
487 1495 672 1551 incipit.
707 1493 883 1537 Exinde
904 1492 1091 1549 conjicit
1108 1491 1333 1546 Bar-thius,
1351 1494 1531 1537 Macro-

275 1563 402 1605 bium
431 1558 596 1628 non'win
618 1563 759 1607 libros
787 1579 898 1626 opus
923 1561 1038 1616 illud
1069 1577 1196 1606 suum
1235 1560 1316 1607 sed
1337 1562 1405 1604 “in
1425 1561 1533 1605 'dies

276 1632 553 1676 distribuisse
574 1651 589 1676 t
634 1632 908 1687 singulorum
958 1644 1105 1676 autem
1150 1631 1327 1674 dierum
1379 1630 1536 1690 operas

276 1701 449 1761 aliquot
480 1699 619 1744 libi-is
645 1698 932 1756 distinxisse,
963 1718 1154 1761 quorum
1193 1699 1377 1744 tertium
1405 1715 1538 1743 oeen-

276 1773 431 1830 parint
453 1771 502 1812 hi
524 1769 580 1811 de
598 1769 783 1812 Somnio
802 1763 1027 1828 Scipionis
1052 1770 1386 1814 commentarii.
1416 1768 1503 1814 Sed
1517 1802 1533 1824 ,

278 1851 354 1884 aut
388 1855 468 1896 ego
503 1837 664 1889 fallor,
697 1849 773 1879 aut
801 1840 1020 1883 Barthius-
1048 1841 1536 1883 nimium-auctoritatis

275 1907 436 1951 tribuit
473 1906 602 1958 unius
644 1903 822 1948 Codicis
856 1907 1099 1966 scriptioni
1129 1917 1174 1950 et
1208 1920 1300 1948 non
1326 1899 1536 1951 'attendit

275 1976 332 2021 ad
363 1973 642 2030 Dialog‘orum
670 1972 857 2017 formam
873 2008 887 2030 ‚
918 1974 1403 2037 qua-saturnaliorum-
1427 1975 1538 2032 libri

280 2044 487 2105 concepti
522 2052 656 2095 sunt3
687 2042 736 2084 in
758 2041 829 2087 his
858 2048 979 2092 enim
1009 2049 1129 2091 inter
1159 2061 1205 2090 se
1231 2045 1536 2106 colloquentes

276 2114 552 2159 inducuntur
577 2113 723 2167 amici,
749 2115 829 2173 qui
853 2113 910 2158 ad
934 2118 1185 2164 convivium
1199 2125 1503 2162 'convenerant
1520 2152 1536 2174 ,

279 2184 460 2231 Vectius
487 2184 815 2236 Praetextatus,
840 2198 923 2227 rex
944 2175 1148 2239 mensae,
1177 2183 1438 2242 Flavianus,
1468 2189 1529 2246 Q.
1575 2194 1579 2196 ’

273 2249 452 2297 Aurelii
480 2251 729 2310 Symmachi
754 2250 920 2303 frater,
952 2252 1238 2311 Symmachus
1267 2254 1390 2312 ipse,
1421 2257 1532 2300 Cae.

278 2319 409 2376 cinna
449 2321 611 2365 Decius
646 2318 835 2364 Albinus
855 2352 871 2376 ,
910 2322 1069 2366 Furius
1114 2322 1335 2378 Albinus,
1379 2324 1535 2371 Eusta-

276 2386 430 2440 2hiu8,
474 2391 767 2435 Nicomachus
815 2391 1009 2435 Avienus
1028 2423 1042 2446 ,
1087 2390 1360 2444 admodum*
1383 2392 1530 2451 adbuc

278 2452 561 2511 adolescens,
605 2460 847 2518 Evangelus
866 2494 880 2518 ‚
925 2462 1142 2507 Eusebius
1179 2462 1381 2519 Rhetor,
1411 2466 1534 2508 Disa-

277 2525 370 2567 rius
419 2519 622 2570 Medicus
639 2560 653 2583 ,
692 2531 846 2575 Horus
890 2542 936 2576 et
976 2532 1154 2578 Servius
1199 2534 1533 2578 Grammaticus.

279 2592 397 2639 Fieri
430 2602 605 2653 potest,
628 2607 677 2639 ut
700 2598 762 2643 de
795 2602 927 2645 tertio
950 2613 996 2645 et
1025 2613 1185 2660 quarto
1207 2605 1351 2656 libro,
1383 2602 1535 2660 quales

957 2670 1000 2714 X
1027 2674 1054 2716 5
1444 2675 1533 2720 ho-
