1945 3384
369 288 455 333 Μ
550 288 764 335 carga
779 292 791 334 ·,
823 288 903 334 DE
926 286 1163 351 TAN'nQ.
1180 269 1486 339 misam.

730 772 1115 806 caru'r
1228 764 1287 808 X.

368 922 371 925 ’
409 946 500 989 DE
532 943 930 1003 ANTIQIHS
975 942 1592 991 INTERPRETIBUS
1642 994 1644 996 ,

558 1043 561 1047 -
782 1013 1218 1059 SALLUsru.

418 1226 490 1296 C.
513 1255 666 1313 Crispi
695 1255 894 1315 Sallustii
919 1258 1141 1302 Historiae
1155 1289 1168 1312 ,
1187 1259 1223 1300 si
1248 1273 1336 1316 qua
1355 1256 1638 1318 pervulgatae

362 1325 568 1385 opinioni
591 1323 705 1367 fides
733 1323 977 1381 habeatur,
1006 1329 1071 1370 ita
1111 1328 1391 1386 conscriptae
1420 1327 1604 1370 fuerunt
1623 1359 1637 1381 ,

359 1396 519 1451 utiam
546 1394 792 1452 antiquitus
821 1410 915 1438 non
945 1395 1300 1440 uniushominis
1327 1395 1496 1439 literati
1516 1411 1636 1457 ope-

359 1482 456 1510 ram
487 1462 790 1509 exercuerint.
849 1465 962 1508 Nam
1006 1464 1264 1520 Sallustius,
1310 1481 1402 1510 non
1443 1479 1636 1510 conten-

359 1546 431 1579 tus
470 1534 728 1594 eloquentia
765 1537 904 1578 seculi
938 1537 1032 1591 sui,
1072 1537 1389 1580 vetustissimos
1434 1535 1634 1594 scripto-

359 1623 432 1650 res
473 1603 714 1649 aemulatus
749 1615 843 1655 est,
892 1617 937 1647 et
976 1606 1161 1661 antiqua
1200 1604 1370 1658 verba,
1409 1619 1464 1646 ex
1489 1604 1638 1645 -Cato-

359 1676 430 1717 nis
457 1675 735 1732 potissimum
752 1671 1040 1727 Originibus,
1068 1671 1128 1712 ita
1157 1670 1421 1727 frequenter
1448 1685 1637 1727 excerp-

359 1744 444 1795 sit,
473 1752 524 1783 ut
545 1743 770 1792 Lenaeus,
804 1740 916 1782 teste
941 1735 1187 1782 Sueton.de
1210 1736 1377 1783 Illustr.
1433 1739 1634 1783 Gramm.

356 1829 399 1856 c.
417 1810 521 1856 XV.
551 1826 645 1854 non
670 1807 944 1853 dubitaverit
971 1806 1228 1853 Sallustium
1253 1806 1481 1869 appellare
1505 1808 1638 1865 pris-

356 1897 524 1925 corum
575 1880 861 1933 Catonisque
908 1878 1160 1919 verborum
1203 1877 1637 1920 ineruditi-ssimum

348 1952 534 2012 furem·
594 1948 723 1993 Fecit
765 1945 852 1990 hoc
891 1956 943 1988 ut
973 1944 1141 1988 librum
1183 1947 1416 2007 scripserit
1451 1948 1635 1993 Asinius

358 2018 528 2071 Pollio,
559 2020 610 2061 in
635 2036 752 2077 quo,
784 2029 895 2061 teste
920 2013 1135 2057 Suetonio
1161 2014 1217 2076 de
1240 2017 1409 2062 Illustr.
1432 2020 1634 2063 Gramm.

360 2106 400 2134 c.
434 2089 495 2133 X.
567 2088 794 2132 Sallustii
826 2087 1041 2143 scripta,
1088 2095 1140 2129 ut
1181 2088 1332 2133 nimia
1368 2091 1639 2147 priscorum

356 2158 608 2204 verborum
642 2157 952 2215 affectatione
989 2156 1132 2199 oblita
1171 2157 1492 2214 reprehendit·
1551 2154 1636 2196 Hic

356 2243 492 2282 vero,
533 2228 616 2269 etsi
647 2225 832 2270 fortasse
876 2242 969 2271 non
1008 2225 1123 2269 nihil
1159 2224 1403 2271 contulerit
1436 2222 1492 2269 ad
1529 2220 1635 2266 Sal-

353 2296 480 2340 lustii
517 2294 860 2350 intelligentiam
880 2327 893 2349 ,
941 2309 1036 2340 non
1081 2305 1281 2342 meretur
1327 2303 1476 2335 tamen
1513 2293 1634 2335 inter

354 2363 708 2411 Scholiastarum
767 2381 1003 2410 numerum
1063 2367 1240 2412 referri.
1313 2361 1404 2407 Sed
1453 2371 1634 2422 praeter

354 2437 512 2489 huuc,
545 2434 925 2493 quemadmodum
966 2448 1012 2481 et
1043 2435 1280 2479 Fabricius
1309 2436 1399 2490 jam
1428 2433 1478 2474 in
1511 2430 1636 2474 Bibl.

355 2507 459 2550 Lat.
505 2504 562 2545 T.
585 2503 623 2546 1.
668 2518 715 2561 p.
738 2504 835 2548 240.
885 2505 947 2546 ait
967 2530 978 2538 ι
995 2536 1026 2560 ,,
1054 2506 1276 2549 Sallustii
1312 2503 1568 2548 Historias
1591 2515 1634 2541 -e

361 2573 616 2622 Veteribus
666 2574 1009 2621 Grammaticis
1061 2579 1427 2623 illustraverunt
1473 2572 1638 2626 Asper·

1586 2648 1633 2682 ec
