1945 3384
704 268 1200 337 TE-RENT'M.
1493 272 1607 335 ια’

313 421 393 455 tur
417 419 489 454 est
520 409 751 453 secundae
795 405 1155 462 declinationis,
1201 407 1315 466 quia
1333 405 1469 472 facit
1481 408 1573 464 fe-

309 482 540 525 mininum
579 481 629 522 in
654 494 684 520 a
717 478 957 536 desinens,
986 474 1042 522 ‘id
1062 488 1166 534 est,
1213 479 1333 521 haec
1373 477 1570 520 Satura.

313 553 563 596 Terentius
604 549 655 589 in
689 544 883 599 Hecyra
914 546 1009 599 [V.
1040 559 1080 588 2.
1112 546 1223 602 23·]
1281 566 1304 592 «
1331 544 1429 589 Sed
1471 553 1594 587 cum'

311 629 363 664 tu
396 628 564 662 satura
590 623 734 671 atque
782 612 913 655 ebria
946 606 1072 662 eris,
1091 627 1218 669 puer
1248 624 1302 656 ut
1340 625 1478 664 satur
1511 602 1580 657 sit

294 687 505 745 facito”
540 683 667 742 quod
693 697 724 723 a
756 680 907 724 Probo
934 683 1360 738 praetermissum,
1392 685 1574 728 doctis-

308 759 424 801 sime
459 761 746 811 praeceptor
785 759 948 796 noster
990 749 1202 793 attendit
1241 752 1572 809 Theoctistus,

290 826 455 883 ¹omni-³³
489 823 777 882 eloquentiae
813 821 988 871 decus,-
1031 821 1114 862 cui
1147 822 1383 879 quidquid
1416 825 1467 866 in
1500 840 1572 866 me

307 897 372 939 sit
407 893 650 937 doctrinae
681 898 799 948 post
835 890 991 933 Deum
1020 890 1215 947 imputo.
1223 890 1254 910 ”
1313 890 1404 935 Sed
1437 892 1576 954 equi-

308 963 411 1007 dem
438 960 708 1005 crediderim
743 960 1020 1003 Priscianum
1050 974 1102 1001 eo
1136 959 1238 1002 loco
1266 976 1357 1003 non
1393 960 1572 1018 signifi-

305 1048 422 1075 casse
455 1032 594 1073 Probi
629 1028 984 1071 Commentarios
1015 1028 1064 1069 in
1100 1030 1394 1079 Terentium·
1423 1032 1576 1073 imme-

311 1100 401 1143 rito
425 1098 545 1141 enim
574 1095 774 1138 Probum
806 1091 1097 1148 negligentiae
1124 1101 1412 1142 accusavisset
1442 1101 1570 1142 Pris-

315 1169 500 1219 cianus,
531 1161 941 1223 quandoquidem
928 1177 976 1204 ιιι
1008 1152 1273 1208 Tei-entiani
1304 1167 1430 1209 istius
1468 1182 1575 1210 ver-

312 1252 384 1280 sus
419 1232 818 1291 interpretatione,
857 1230 1113 1286 hujusmodi
1148 1233 1258 1292 quid
1304 1234 1434 1279 facile
1479 1236 1577 1278 siue

314 1308 444 1366 culpa
470 1301 766 1362 praetermitti
788 1300 1001 1358 potuerit.
1059 1302 1221 1345 Verius
1242 1303 1395 1360 itaque
1416 1305 1577 1346 existi-

312 1392 429 1420 mem
458 1388 509 1417 eo
544 1371 644 1414 loco
675 1369 952 1411 Priscianum
987 1370 1239 1424 significare
1264 1370 1401 1412 Probi
1432 1371 1573 1415 libros

321 1444 470 1488 Dubii
499 1439 722 1499 generi-f,
762 1452 872 1495 quos
913 1449 958 1480 et
995 1435 1108 1480 alibi
1145 1439 1256 1479 citat
1292 1439 1412 1483 idem
1441 1443 1569 1484 Pris-

318 1511 467 1557 cianus
508 1512 562 1553 L.
583 1509 642 1553 V
672 1523 720 1563 p
744 1508 839 1566 659.
882 1507 952 1552 vel
989 1507 1255 1569 quodlibet
1271 1508 1393 1551 aliud
1424 1525 1577 1555 eorum

318 1595 534 1641 operum,
574 1592 691 1636 quae
743 1594 768 1619 a
807 1576 957 1623 Probo
1005 1579 1261 1657 conscripta
1306 1594 1396 1622 esse
1442 1595 1578 1639 supra

316 1650 663 1696 memOI'RVimUS·

866 1802 1027 1832 ..φ-

787 1874 803 1893 Ο

370 1929 550 1970 Praeter
580 1939 679 1980 eos,
710 1939 902 1985 quorum
925 1930 1339 1973 commemoratione
1374 1927 1569 1971 defunc-

317 1999 350 2040 ti
373 2011 542 2050 sumus,
574 2011 599 2036 a
632 1995 968 2056 Lindenbrogio
1007 2011 1052 2043 et
1088 1998 1323 2052 Fabricio,
1352 2008 1403 2039 ut
1437 2012 1572 2057 supra

316 2067 539 2120 diximus,
568 2065 618 2107 in
654 2065 859 2110 Terentii
884 2069 1183 2133 interpretum
1210 2080 1395 2110 numero
1418 2065 1570 2107 nomi-

315 2147 481 2179 nantur
510 2148 685 2193 quoque
719 2134 914 2192 Adesio,
928 2137 1116 2183 Flavius
1151 2137 1329 2196 Caper,
1359 2133 1573 2177 Annaeus

315 2205 540 2249 Cornutus
561 2236 574 2258 ‚
614 2202 860 2248 Euanthius
895 2217 940 2250 et
982 2205 1187 2262 Nigidius
1219 2203 1415 2261 Figulus.
1484 2204 1576 2248 Hos

316 2280 465 2315 tamen
495 2272 705 2331 equidem
742 2272 1039 2322 dubitaverim
1068 2292 1127 2320 an
1159 2274 1321 2318 merito
1352 2273 1409 2317 ad
1441 2274 1575 2317 istum

314 2356 545 2386 numerum
577 2344 739 2389 referri
782 2357 983 2407 oporteat
998 2376 1015 2401 ,
1046 2343 1449 2405 quandoquidem,
1479 2358 1576 2385 mea

318 2401 504 2469 quidem
535 2417 780 2473 sententia,
819 2416 1069 2461 testimonia
1107 2413 1277 2459 leviora
1310 2413 1571 2465 videantur,

321 2494 450 2538 quam
484 2495 596 2538 quae
632 2500 728 2530 rem
766 2486 951 2531 dubiam
995 2482 1308 2544 persuadeant.
1379 2482 1457 2523 Est
1496 2490 1570 2522 ta-

323 2565 423 2593 men
458 2565 616 2608 operae
643 2555 839 2609 pretium
870 2556 927 2598 de
964 2553 1147 2609 singulis
1176 2550 1457 2610 peculiariter
1488 2565 1577 2592 ex·

1006 2622 1107 2677 ΝΞ,
1484 2633 1580 2676 poa-2
