1945 3384
301 259 391 303 106.
465 257 600 302 CAP.
629 259 711 305 VI.
767 260 846 306 DE
889 262 1102 324 ANTIQ.
1130 260 1408 311 INTERPR.

354 376 499 423 Facili
513 389 659 424 autem
679 381 858 436 negotio
877 381 1039 441 aliquis
1059 384 1564 445 nominatur-,interpres

299 449 490 507 alicujus
505 447 775 505 scriptoris,
802 448 883 507 qui
907 465 1062 496 revera
1089 469 1183 498 non
1206 466 1288 500 est.
1346 454 1563 500 Solebam

296 518 393 575 mi,
424 519 502 578 qui
531 515 724 562 Codices
759 515 1102 580 describebant,
1133 525 1299 573 addere
1333 525 1563 574 interdum

301 586 520 644 nonnulla
564 586 622 632 de
665 586 799 635 libris
841 591 1246 641 Grammaticorum
1288 596 1561 657 aliorumque

300 658 513 718 excerpta
527 690 542 714 ‚
571 673 686 719 quae
709 663 940 719 pertinere
969 667 1305 713 arbitrabantur
1330 668 1385 712 ad
1411 668 1560 731 expli-

302 728 493 773 candam
533 731 728 773 auctoris
770 735 840 776 sui
872 736 1010 780 vitam
1024 769 1038 791 ,
1082 751 1390 795 argumentum
1407 771 1421 793 ,
1462 754 1562 783 me-

299 811 448 855 trum,
474 798 576 847 alia.
603 799 702 844 Jam
721 802 973 860 Cornutus,
1003 808 1041 850 si
1063 822 1156 850 non
1179 809 1412 870 scripserit
1425 809 1564 853 Com-

303 871 546 915 mentarios
577 871 635 914 in
658 872 806 929 ipsum
846 875 1108 918 Terentium
1125 906 1140 928 ,
1171 887 1319 919 tamen
1347 879 1443 920 sine
1471 878 1563 919 ‹iu-2

306 943 393 986 hio]
431 940 572 982 multa
611 940 873 994 hujusmodi
912 942 1094 1003 scripsit
1111 974 1125 997 ,
1154 959 1267 1004 quae
1304 945 1472 1003 optime
1507 944 1566 987 ad

302 1008 622 1054 illustrandum
646 1010 915 1055 Terentium
934 1010 1097 1055 referri
1127 1023 1325 1072 possent.
1383 1007 1452 1057 It'a
1476 1028 1565 1057 no-

303 1094 408 1124 men
439 1080 660 1134 cornuti,
689 1080 826 1126 semel
852 1082 902 1123 in
933 1081 1139 1139 exemplo
1162 1082 1341 1143 aliqu0‚
1370 1081 1569 1125 velante

302 1166 442 1194 unam
485 1147 817 1199 dimidiatamve
863 1152 1071 1211 paginam
1122 1153 1317 1208 positum
1334 1184 1348 1205 ‚
1403 1151 1569 1195 deinde

307 1222 364 1265 ab
397 1219 520 1274 aliis,
553 1221 640 1263 hoc
680 1218 934 1278 exemplum
971 1218 1359 1272 describentibus,
1391 1220 1440 1260 in
1475 1235 1568 1261 nu-

305 1289 798 1345 meruminterpretum
822 1285 1127 1341 referebatur,
1147 1300 1239 1344 quo
1262 1286 1415 1330 titulus
1440 1289 1587 1336 etiam.

308 1354 691 1404 commendatione
713 1357 842 1408 *tanti
879 1353 1072 1401 nominis
1100 1356 1232 1407 fieret
1263 1359 1516 1419 speciosior.

851 1499 895 1553 §0
957 1513 1023 1541 10.

751 1628 1119 1672 Euanthius-

362 1765 666 1819 Euanthium,
709 1780 845 1824 quem
885 1763 1182 1820 Hieronymus
1214 1774 1339 1806 notat
1382 1764 1572 1820 iisdem,

308 1850 360 1877 ac
386 1835 637 1884 Donatum,
667 1831 977 1893 temporibus,
1008 1831 1096 1876 hoc
1120 1842 1211 1885 est,
1242 1832 1426 1893 Olymp.
1457 1835 1569 1891 285,

307 1914 524 1960 regnante
561 1902 824 1945 Constantio
866 1902 952 1945 Fil.
983 1902 1301 1956 Constantini,
1346 1903 1573 1947 Constan-

308 1972 500 2033 tinopoli
543 1971 746 2016 floruisse
765 2004 781 2026 ,
825 1972 977 2025 hunc,
1016 1971 1201 2031 inquam
1219 2001 1233 2024 ‚
1262 1969 1492 2024 Fabricius
1525 1973 1574 2015 in

309 2044 427 2090 Bibl.
460 2044 561 2086 Lat·
593 2043 651 2085 T.
675 2043 712 2087 Ι.
743 2059 793 2102 p.
815 2046 887 2102 49.
924 2052 970 2085 et
1009 2042 1161 2085 Saxius
1195 2041 1243 2084 in
1278 2040 1424 2084 Praef.
1457 2043 1512 2082 T.
1536 2041 1573 2083 1.

311 2115 475 2170 onom.
507 2111 597 2155 Lit.
638 2129 687 2172 p·
714 2113 862 2159 XXV.
890 2129 998 2156 *non
1039 2111 1249 2156 dubitant
1292 2124 1450 2153 vocare
1489 2107 1573 2150 In-

312 2194 555 2244 terpretem
586 2182 811 2233 Terentii.
868 2181 1027 2226 Fateor
1056 2173 1269 2242 equidem
1294 2180 1389 2233 ejus
1414 2179 1479 2220 rei
1508 2177 1575 2220 di-

311 2265 478 2297 sertam
536 2252 812 2296 mentionem
873 2263 1042 2296 exstare
1061 2285 1075 2306 ,
1123 2246 1490 2309 quandoquidem
1549 2265 1573 2291 a

301 2322 615 2376 'Grammatico
658 2320 976 2376 Antiocheno,
1025 2322 1074 2362 in
1116 2317 1274 2361 libello
1319 2316 1375 2361 de
1416 2319 1572 2362 Metris

311 2390 599 2437 Terentianis
636 2406 683 2449 p.
709 2393 833 2445 2705.
866 2404 933 2445 ²7·
976 2389 1049 2432 ed.
1091 2385 1319 2439 Putschii,
1361 2388 1573 2432 nomina-

311 2465 391 2507 tim
423 2463 585 2505 citetur
615 2459 894 2502 Euanthius
932 2460 980 2502 in
1021 2457 1359 2502 Commentario
1390 2460 1571 2504 Teren-

311 2534 383 2576 tii.
445 2533 503 2574 Et
547 2529 914 2581 WVesterhovius‚
962 2529 1038 2570 ubi
1084 2526 1280 2575 editurus
1321 2539 1434 2571 esset
1474 2529 1571 2569 Eu-

1466 2611 1569 2650 gra-

1925 2697 1943 2845 >s'auum-ama
