1945 3384
428 296 493 341 M.
543 294 833 339 TULLII
879 292 1341 340 CICERONIS.
1437 295 1513 339 151

270 414 950 476 aedes„sacras‘ingrederentur
967 448 981 472 ,
1007 432 1166 461 manus
1196 414 1375 458 abluere
1406 410 1522 454 soliti

263 488 468 542 fuerant,
499 499 545 531 et
573 488 754 530 omnino
785 487 1127 544 distinguendus
1153 498 1220 530 est
1244 486 1442 544 hicxmos
1467 483 1521 524 ab

264 549 691 617 aquae'benedictae
720 558 810 600 sive
834 557 1028 601 lustralis
1060 575 1167 614 usu,
1200 557 1279 618 qui
1304 570 1398 598 non
1423 561 1526 595 ante

265 627 485 672 saeculum
506 628 571 671 IV
595 624 797 668 invaluit.
832 626 850 680 (
867 627 891 649 *
910 628 927 682 )

322 699 387 740 De
423 695 569 752 pretio
595 696 780 753 istarum
809 691 1146 737 annotationum
1176 694 1284 752 quid
1312 692 1528 744 sentiam,

267 779 360 807 non
380 761 599 804 reticebo.
655 760 740 802 Est
755 761 804 801 in
825 761 880 802 iis
900 761 1073 819 aliquid
1090 776 1196 803 sane
1218 762 1354 813 boni,
1375 759 1530 819 pluri-

272 845 368 875 mae
393 838 538 870 tamen
559 827 753 872 subinde
771 832 1061 889 reperiuntur
1080 844 1242 885 nugae,
1271 839 1315 870 et
1332 826 1536 886 quisquis

274 896 452 939 dicatur
495 895 620 937 istius
666 898 997 950 Commentarii‘
1029 909 1182 942 auctor
1218 896 1351 938 fuisse
1370 926 1385 949 ,
1428 892 1539 936 mihi

275 963 461 1023 quidem
486 962 590 1018 ille,
633 976 677 1008 et
706 966 915 1011 doctrina
933 1000 947 1022 ,
977 978 1022 1012 et
1053 965 1276 1020 oratione,
1307 976 1411 1027 post
1441 964 1533 1007 As-

276 1033 455 1077 conium
495 1032 626 1088 longe
661 1030 850 1079 inferior
883 1035 1133 1081 censendus
1168 1033 1361 1080 videtur.
1417 1036 1534 1083 Res,

278 1117 390 1161 quae
419 1101 730 1157 explicantur,
758 1103 999 1163 plurimam
1022 1115 1198 1165 partem
1222 1105 1429 1160 aliunde,
1454 1104 1537 1148 id-

281 1187 368 1229 que
398 1169 583 1222 melius,
615 1184 974 1226 cognoscuntur3
1017 1185 1063 1215 et
1092 1173 1180 1216 hoc
1218 1189 1399 1232 quoque
1427 1173 1546 1215 valet

283 1238 341 1280 de
370 1236 602 1280 hominum
621 1270 634 1292 ,
663 1256 901 1284 munerum
935 1253 980 1284 et
1014 1241 1401 1285 consuetudinum‘
1421 1241 1548 1284 noti-

282 1308 386 1360 tiis3
441 1307 552 1363 quin
594 1319 639 1350 et
687 1310 898 1354 dubitare
929 1309 1069 1365 licet,
1114 1315 1174 1353 an‘
1222 1309 1553 1353 Grammaticae

285 1373 484 1427 studium
513 1375 676 1420 exinde
705 1378 894 1421 multum
918 1378 1143 1437 proficiat.
1214 1378 1436 1434 Cognovit
1472 1375 1551 1418 ille

286 1457 432 1488 tamen
458 1456 501 1487 et
526 1446 723 1491 Graecos
746 1447 919 1507 aliquot
940 1447 1130 1504 optimos
1154 1447 1419 1504 scriptores,
1450 1446 1550 1488 He-

288 1512 521 1579 rodotum,
563 1516 935 1571 Demosthenem3
979 1511 1075 1559 tum
1105 1515 1161 1559 dc
1199 1517 1401 1564 Latinis,—
1444 1515 1550 1558 Sal-

288 1583 497 1637 lustium,
526 1584 785 1639 Virgilium,
815 1585 1078 1638 Lucanum,
1107 1601 1130 1627 e
1162 1586 1325 1644 quibus
1355 1583 1433 1625 hic
1463 1582 1557 1626 illic

290 1668 377 1710 pro
396 1653 659 1709 interpretis
686 1667 871 1694 munere
894 1652 1102 1695 historias
1131 1663 1176 1694 et
1201 1652 1448 1695 locutiones
1474 1667 1558 1694 ex-

292 1721 412 1764 citat.
471 1720 707 1764 Praeterea
746 1737 927 1779 quoque
960 1720 1046 1764 alia
1078 1722 1238 1773 veteris
1268 1722 1360 1764 aevi
1391 1738 1557 1764 monu-

291 1798 444 1829 menta
469 1791 724 1842 cognovisse
750 1789 954 1841 videtur,
978 1803 1091 1845 quae
1120 1787 1255 1829 hodie
1278 1804 1372 1830 non
1391 1804 1557 1848 super-

297 1867 430 1899 suntz
476 1855 678 1915 loquitur
726 1857 894 1901 alicubi
936 1855 992 1898 de
1037 1854 1173 1896 Ennii
1222 1853 1398 1909 fabula,
1448 1872 1563 1914 quae

297 1925 496 1971 Achilles
522 1927 787 1971 inscribitur
802 1947 816 1984 3
852 1941 987 1987 quem
1011 1923 1270 1968 scholiastae
1292 1922 1441 1966 locum
1471 1941 1563 1968 non

299 2006 602 2051 cognoverunt
635 1997 695 2050 ii,
737 1997 816 2055 qui
843 1995 982 2039 Ennii
1011 1993 1258 2048 fragmenta
1298 1990 1559 2036 ediderunt.

303 2065 603 2107 Exhibeamus
627 2063 782 2118 illum,
816 2063 960 2124 qualis
986 2063 1038 2105 in
1062 2060 1230 2105 Codice
1255 2071 1453 2120 prostat,
1470 2060 1562 2118 fo-

305 2135 366 2183 lio
398 2134 468 2177 46.
508 2132 556 2174 id
596 2144 663 2176 est
697 2132 754 2174 ad
797 2134 930 2174 Orat.v
961 2145 1046 2189 pro
1084 2129 1214 2173 Rosc.
1246 2133 1400 2172 Amer.
1432 2145 1473 2172 c.
1498 2134 1570 2176 52.

309 2206 462 2248 Ferro
504 2204 717 2260 Frugim
767 2203 824 2245 In
849 2201 1007 2245 Ennio
1039 2200 1156 2263 haee
1171 2198 1347 2256 fabula
1375 2199 1571 2243 inducia

315 2281 394 2316 tur
424 2272 647 2316 Achillis.
689 2289 773 2330 qao
815 2281 1021 2327 tempore
1051 2277 1256 2325 propter
1294 2268 1572 2312 Briseidam

1474 2352 1578 2380 cam

363 2451 376 2494 (
390 2450 435 2493 ⁴¹)
467 2452 552 2487 Vid.
588 2450 782 2501 Binghami
819 2450 922 2501 Orig.
965 2448 1206 2487 Hamelsveld
1240 2449 1379 2499 Algem.
1426 2446 1573 2482 Kerkel.

292 2551 295 2553 Ι
320 2505 455 2543 Eccles.
491 2509 537 2544 Τ.
556 2510 622 2548 ΙΙΙ.
660 2524 696 2559 p.
718 2525 791 2560 ¹79·
816 2523 867 2560 sq.
892 2510 923 2547 J.
971 2506 1104 2544 Gesch.
1135 2507 1202 2544 der
1234 2507 1369 2545 Christ.
1402 2504 1485 2543 Vol.
1506 2505 1571 2544 VI.

317 2564 366 2601 M.
384 2563 568 2603 schrockh
590 2567 930 2605 Christl.Kirchen-
972 2581 1010 2619 p.
1037 2570 1110 2605 230.

317 2622 435 2671 gesch.
452 2622 616 2663 v01.IX.
639 2637 676 2673 p.
694 2629 774 2664 325.
796 2628 837 2663 Y.
857 2640 928 2665 van
