1945 3384
462 307 526 351 M.
561 304 830 349 'TU'LLII
862 301 1309 348 CICERONIS.
1447 303 1543 348 155·

275 428 383 488 quin
420 427 495 470 hic
532 426 653 470 idem
687 427 944 474 Victorinus
980 425 1064 479 sit,
1098 424 1223 480 cujus
1260 419 1547 463 mentionem<

245 498 379 541 ¹facit
411 499 668 554 Hieronym.
699 498 747 538 in
782 497 981 539 Prooem.
1012 494 1262 536 Comment.
1303 491 1354 533 in
1392 489 1545 546 Epist..

227 566 233 572 ’
276 568 400 611 Pauli
431 567 488 610 ad
517 565 694 609 Galatas
733 566 794 609 Τ.
821 566 897 610 lV.
928 580 976 624 p.
1002 577 1097 607 222.
1141 562 1222 605 ubi
1259 562 1320 604 ait
1359 571 1408 602 se
1443 571 1540 600 non

272 640 475 694 ignorare
533 666 567 691 ,‚
601 636 776 692 Gajum
816 633 1029 675 Marium
1077 632 1412 681 Victorinum,
1456 625 1550 683 qui-

275 707 456 750 Romae
509 718 685 761 pueros
735 700 1051 743 Rhetoricam
1101 700 1289 753 docuit,
1330 697 1553 742 edidisse,

279 773 650 818 Commentarios
689 770 738 810 in
770 768 1104 823 Apostolum.”
1162 768 1337 826 Atqui,
1378 769 1415 810 si
1450 768 1542 810 hoc

275 837 579 884 testimonium
619 836 818 897 pertinet
857 836 913 879 ad
949 836 1234 884 Victorinum
1263 825 1401 894 ,hu'jus
1438 837 1553 880 Ει-ι

274 909 507 968 Ροξὶῑίοηίε
544 917 799 959 auctorem,
839 907 896 963 ed
936 907 1132 950 eundem
1171 910 1403 966 p‘ertinere
1451 923 1567 959 ne-,

277 991 395 1019 cesse
426 977 482 1018 sit
504 973 705 1032 ejusdem
741 974 999 1035 Hieronymi
1024 977 1323 1022 testimonium
1345 978 1394 1020 in
1421 976 1541 1021 libro

277 1044 334 1086 de
376 1044 544 1085 Illustv.
586 1044 711 1086 Eocl.
753 1045 924 1101 Script.
965 1063 1002 1089 c.
1030 1063 1124 1091 101·
1163 1049 1242 1091 uhi
1285 1049 1342 1090 ad
1375 1064 1413 1089 a.
1439 1050 1540 1102 560,

271 1114 382 1157 haec
404 1112 571 1158 haben
622 1144 654 1167 „
687 1114 997 1169 Victorinus,
1026 1118 1215 1159 natione
1240 1116 1397 1171 Afer,
1429 1118 1538 1159 Ro-

206 1188 209 1190 “
279 1197 382 1224 mae
416 1183 500 1224 sub
527 1183 834 1225 Constantino
855 1184 1079 1239 principe
1108 1184 1427 1225 Rhetoricam
1452 1185 1542 1226 do-
1566 1193 1570 1198 '

278 1253 410 1296 cuit:
442 1261 489 1295 et
519 1253 566 1296 in
598 1259 1103 1305 extremaffsenectute,
1133 1251 1319 1297 Christi
1353 1269 1401 1297 se
1433 1263 1545 1298 tra-

279 1324 391 1365 dens
433 1322 588 1380 fidei,
632 1324 827 1379 scripsit
877 1322 1109 1364 adversus
1147 1322 1332 1365 Arium
1371 1323 1547 1378 libros,

279 1394 404 1435 more
435 1391 703 1433 Dialectico
734 1391 864 1433 valde
895 1391 1142 1443 obscuros,
1175 1393 1259 1448 qui
1285 1393 1345 1435 ab
1370 1395 1543 1436 erudi-

280 1461 342 1502 tis
370 1459 502 1501 modo
528 1459 859 1516 intelliguntur
876 1476 892 1499 .-
920 1468 969 1502 et
992 1458 1356 1503 Commentarios
1382 1463 1435 1504 in
1458 1462 1541 1505 A-

269 1528 558 1585 postolum.''
618 1528 832 1585 Sequitur
873 1542 1012 1585 porro
1057 1526 1181 1585 quod
1218 1526 1339 1569 idem
1374 1529 1435 1570 sit
1467 1529 1550 1572 ille

277 1595 558 1648 Victorinus,
590 1598 669 1653 qui
701 1596 823 1654 apud
854 1597 1088 1650 Augustin.
1121 1595 1321 1638 Confess.
1351 1598 1546 1644 L.V111.

279 1680 319 1707 c.
351 1678 391 1707 2.
434 1662 602 1706 dicitur
623 1683 635 1707 ε
691 1695 723 1718 ,,
757 1659 990 1722 quondam
1039 1664 1228 1706 Rhetor
1262 1666 1395 1709 urbis
1435 1669 1544 1711 Ro-

280 1751 382 1778 mae
413 1755 466 1766 -
497 1734 723 1789 quosdam
770 1734 912 1776 libros
947 1732 1306 1777 Platonicorum
1339 1737 1388 1778 in
1424 1739 1545 1780 lati-

281 1818 392 1845 nam
437 1804 651 1859 linguam
702 1800 1004 1843 transtulisse
1046 1821 1088 1828 —
1138 1800 1393 1856 defunctus
1447 1822 1549 1851 esse

280 1873 580 1915 Christianus
618 1894 676 1903 -—-
716 1886 854 1913 senex
886 1869 1190 1914 doctissimus
1218 1895 1270 1906 —
1296 1889 1443 1930 usque
1481 1878 1551 1918 ad

281 1944 410 1986 illam
444 1950 651 1984 aetatem
690 1946 933 1981 venerator
979 1938 1211 1982 idolorum
1245 1965 1303 1973 -
1339 1943 1423 1998 qui
1459 1959 1551 1987 non

285 2010 531 2054 erubuerit
581 2023 681 2050 esse
725 2022 856 2062 puer
905 2007 1137 2053 Christi-’⁹
1205 2011 1364 2066 Neque
1406 2001 1550 2065 'igitur

285 2093 551 2138 quemquam
596 2073 730 2117 alium
770 2075 1083 2128 Victorinum,
1128 2089 1445 2137 praeterquam
1481 2080 1548 2124 il-

283 2141 378 2189 lum
399 2176 411 2198 ,
459 2155 656 2202 spectare
703 2153 851 2199 potest
896 2142 979 2189 illa'
1027 2144 1231 2189 laudatio
1272 2149 1546 2205 Augustini,

287 2229 400 2272 quae
425 2214 474 2256 in
500 2212 599 2256 eod.
629 2212 828 2256 Confess.
860 2228 898 2257 c.
927 2228 969 2256 2.
998 2214 1249 2270 reperitur,
1278 2218 1359 2260 uhi
1382 2220 1550 2264 Victo-

286 2282 411 2323 rinus
437 2292 647 2325 vocatur:
689 2315 719 2337 „
748 2284 1049 2340 doctissimus
1071 2298 1231 2339 senex,
1260 2293 1311 2328 et
1345 2289 1551 2332 omnium

283 2350 546 2397 liberalium
592 2355 914 2399 doctrinarum
958 2353 1291 2411 peritissimus
1311 2386 1325 2409 ‚
1381 2357 1551 2414 quique

279 2419 803 2476 philosophorum-tam
825 2424 973 2466 multa
1012 2424 1198 2480 legerat
1226 2433 1275 2467 et
1305 2425 1548 2482 dijudica·-

288 2495 451 2540 verat,
496 2490 658 2535 doctor
708 2502 778 2537 tot
830 2493 1054 2538 nobilium
1106 2494 1414 2546 Senatorum,
1468 2495 1552 2550 qui

996 2564 1037 2608 V
1064 2577 1088 2606 2
1338 2605 1341 2606 γ
1404 2563 1555 2610 etiam
