1945 3384
378 259 436 304 60
519 257 759 305 cAr.;m.
782 296 785 299 .
810 257 916 303 DE*
939 251 1470 315 AN'r1Q‚.‘1NrERPR.

381 379 702 439 subscribam
739 375 916 433 Quibus
960 383 1105 416 autem
1123 370 1412 432 potissimum
1450 378 1653 435 scriptia.

316 463 320 468 ·
382 446 557 491 tantam
588 444 779 501 laudem*
812 442 1002 501 adeptus
1042 444 1125 499 sit,
1166 461 1264 488 non·
1302 445 1483 489 omnino
1526 460 1649 490 con-r·

329 532 332 535 ·
380 510 497 569 stat}
530 518 667 572 q'n‘um
691 528 777 558 nec
799 512 900 571 ipsa
928 521 1101 555 tantum
1125 515 1318 579 scripta,
1345 513 1423 559 sed
1448 512 1517 559 vel
1545 515 1623 572 ip·-

378 588 526 627 so'rum
548 582 730 625 nomina
757 582 996 641 plurimam
1012 593 1194 640 :partem
1215 584 1446 642 perierint.
1503 582 1627 626 Cha-

375 649 506 695 risius
533 661 690 697 autem
730 649 896 695 alieubi
932 651 1169 694 sic»Pr0bi
1208 669 1369 697 nomen
1408 653 1538 705 citat,
1582 663 1632 694 ut

375 719 508 785 facile
538 721 638 780 quis
664 722 714 764 in
743 733 841 765 eam
868 720 1124 782 opinionem
1160 721 1326 768 adduci
1354 723 1522 784 possit,
1550 722 1629 780 ip-

378 806 478 833 sum
516 790 734 852 peculiari
771 792 1089 836 commentario
1123 792 1275 835 Naevii
1316 794 1512 835 carmina
1551 793 1628 833 in-

377 870 675 920 terpretatum
699 873 808 911 esse.
866 857 1057 902 Charisii
1087 859 1166 916 (*)
1194 859 1318 903 locus
1343 868 1435 910 est,
1464 874 1512 916 p.
1537 859 1632 913 178·

378 930 450 974 55.
509 928 805 985 „Efflictirm
833 927 1058 971 Naevius
1082 928 1131 969 in
1163 926 1443 970 Corollaria.-
1472 925 1631 980 „Nolo

374 1005 461 1055 ego
487 996 605 1041 adeo
634 996 859 1054 efflictim
897 1012 1090 1051 amare,
1122 998 1205 1041 diu
1243 997 1383 1041 vivat
1413 998 1517 1046 volo
1535 1027 1548 1046 ,
1579 1004 1633 1041 ut

376 1066 498 1110 milti
511 1066 744 1122 prodesse
764 1066 970 1121 ‘possitss’
1010 1067 1092 1110 ubi
1120 1065 1329 1117 Probus,
1364 1065 1520 1122 Usque
1543 1064 1630 1105 do-

377 1135 537 1177 nicum
570 1132 882 1192 exfligatur.’'
941 1132 1022 1177 Sicv
1048 1134 1169 1177 enim
1191 1131 1336 1176 solent
1361 1132 1630 1182 Grammati-

379 1204 446 1256 ci,
474 1203 716 1260 praecipue
744 1201 996 1249 Charisius,
1025 1215 1242 1255 usurpare
1267 1198 1464 1248 voculam
1499 1198 1602 1240 ubi
1615 1228 1631 1251 ,

374 1281 426 1314 ut
461 1271 500 1313 si
542 1267 668 1323 cujus
720 1267 916 1316 nomine„
947 1264 1004 1308 ad
1048 1282 1149 1310 eum
1195 1264 1411 1320 modum,
1457 1268 1641 1327 antiqui>

373 1337 606 1399 scriptoris
645 1336 1064 1395 interpretationem
1099 1336 1267 1388 citent,
1294 1335 1348 1377 is.
1366 1337 1630 1395 scriptorem

373 1409 536 1461 illum,
562 1403 781 1466 peculiari
815 1418 978 1461 opere,
1018 1406 1336 1462 interpretatus
1365 1419 1484 1458 esse,
1517 1421 1629 1449 con-r

373 1477 457 1535 jici
496 1474 650 1536 possit.
707 1473 904 1528 Huiusce
931 1475 999 1517 rei
1033 1472 1236 1530 exempla
1275 1471 1522 1516 videbimus
1551 1476 1630 1517 in-

372 1545 460 1589 fra.
518 1541 610 1586 Sed
657 1551 934 1598 quantopere
968 1543 1054 1587 hac
1083 1544 1131 1589 in
1171 1559 1220 1586 re
1260 1551 1384 1583 caute
1420 1556 1632 1598 pronun-

374 1616 488 1659 tiare
516 1620 744 1672 oporteat,
773 1608 860 1653 hoc
890 1611 1038 1670 ipsum
1075 1610 1327 1671 exemplum
1356 1611 1516 1656 docet:
1548 1628 1632 1656 nee

367 1685 493 1729 enim
511 1713 525 1736 ,
555 1681 700 1725 sicubi
726 1679 865 1722 Probi
899 1681 1078 1724 nomine
1120 1682 1283 1724 citatur
1320 1683 1630 1740 interpretatio

365 1747 581 1800 Naeviani
618 1747 852 1803 cujusdam
888 1764 1067 1804 versus,
1110 1748 1215 1793 ideo
1249 1751 1451 1808 sequitur
1469 1780 1482 1803 ,
1513 1749 1627 1792 Pro-

367 1824 481 1866 bum
501 1833 654 1867 omnes
686 1816 931 1875 aliquando
971 1819 1127 1864 Naevii
1157 1819 1327 1863 fabulas
1360 1830 1404 1863 et
1434 1817 1628 1864 Annales

375 1892 719 1946 interpretatum
756 1901 850 1936 esse
867 1918 880 1939 ‚
910 1886 982 1944 vel
1023 1904 1080 1932 ne
1112 1889 1253 1945 ipsam
1297 1887 1487 1937 fabulam
1524 1889 1631 1945 qui-r.

376 1959 478 2003 dem
501 1971 677 2000 omnem
695 1986 709 2007 ‚
741 1954 797 1997 ad
835 1959 1054 2012 ,quamssea
1077 1956 1386 2016 interpretatio
1419 1955 1632 2015 pertinet.

376 2032 531 2089 Quum
554 2027 677 2069 enim
705 2024 913 2070 Valerius
948 2026 1120 2075 Probus
1144 2025 1296 2087 plures
1320 2023 1457 2067 libros
1480 2023 1629 2081 scrip-

375 2101 481 2145 serit
510 2094 804 2142 Grammatici
833 2095 1103 2151 argumenti,
1134 2092 1382 2152 cujusmodi
1409 2104 1514 2134 sunt
1539 2093 1632 2136 Liq

379 2164 470 2216 bri·
500 2166 651 2212 Dubii
695 2164 920 2218 Generis,
967 2165 1087 2209 citati
1119 2165 1345 2209 Prisciano
1383 2177 1431 2219 p.
1455 2164 1550 2221 659.
1590 2176 1634 2208 et

376 2240 523 2288 Liber
565 2238 621 2280 de
650 2234 911 2278 Catholicis
949 2235 1245 2288 Nominum,
1293 2233 1449 2275 citatus
1494 2231 1637 2277 eidem

1585 2316 1635 2359 Po

417 2427 489 2478 (⁶)
512 2421 742 2467 Charisium,
765 2423 987 2460 Priscianum
1034 2434 1127 2472 quos
1149 2422 1299 2458 citamus
1323 2422 1369 2458 ad
1393 2421 1655 2471 paginasedio,

373 2480 596 2523 Diomedem
617 2487 655 2516 et
669 2480 831 2529 reliquos
856 2481 988 2517 Gram-
1034 2479 1142 2516 tionis
1158 2479 1283 2518 Heliae
1308 2479 1480 2527 Putschii,
1510 2480 1639 2525 Hanqs

375 2541 526 2582 matioee
545 2539 695 2579 Latinae
711 2547 875 2580 auctores
895 2540 987 2579 anti·
1034 2540 1113 2583 viae
1133 2544 1228 2585 1605.
