1945 3384
362 374 377 385 .,
409 336 500 386 M·
549 331 814 395 muman
854 324 1282 381 mnasonis.
1392 338 1478 383 205

276 459 395 516 Haec
426 468 573 502 autem
612 457 860 514 fragmenta
899 454 957 498 ad
993 453 1124 516 quale
1168 452 1333 498 Statilii
1369 469 1478 512 opus

218 530 454 577 referenda
489 530 606 580 sint,
651 524 794 567 audax
835 524 892 566 sit
936 523 1186 582 quidquam
1218 522 1332 566 certi
1366 521 1506 570 velle.

218 611 430 650 statuere,
475 593 843 658 quandoquidem
883 592 1111 637 Charisius
1143 609 1306 637 nomen
1334 593 1483 651 operis

217 684 311 711 non
336 667 580 711 addiderit.
634 665 886 707 Potuerunt
910 662 997 703 ista
1016 659 1217 704 desumta
1239 678 1330 705 esse
1351 678 1375 705 e
1397 680 1481 706 va-

218 739 296 780 riis
321 732 755 781 Commentariorum
782 729 941 785 libris,
974 730 1135 788 quibus
1163 730 1362 776 Statilius
1397 748 1480 776 ex-

218 805 431 862 plicuerit
475 801 608 858 plura
649 798 880 845 Ciceronis
930 799 1134 853 scripta3
1179 800 1258 843 sed
1302 801 1365 843 ita
1407 799 1487 842 alii

218 871 439 914 somnient
463 867 520 912 de
546 867 710 912 Statilii
737 865 975 922 doctrina,
1005 877 1056 910 ut
1079 867 1227 927 ipsum
1247 869 1336 913 levi
1364 870 1482 912 hoc-

220 956 270 983 ce
299 948 558 995 argumento
581 937 631 979 in
655 952 805 981 omnes
836 939 943 982 istos
977 939 1210 984 Ciceronis
1230 939 1371 981 libros
1398 952 1482 980 ex-

216 1007 506 1065 plicationem
529 1007 758 1064 scripsisse
781 1005 1074 1050 contendant.
1131 1008 1274 1050 Nobis
1291 1005 1481 1065 potissi-

216 1091 339 1120 mum
367 1090 418 1117 ea
443 1073 704 1135 praeplacet
731 1076 912 1134 opinio,
943 1094 1032 1138 qua
1061 1080 1210 1122 omnia
1237 1078 1322 1119 ista
1355 1074 1483 1131 frag-
1524 1073 1530 1079 ’

217 1155 368 1188 menta
402 1142 606 1186 desumta
643 1159 735 1188 esse
765 1146 977 1188 dicantur
1015 1163 1070 1190 ex
1105 1162 1197 1190 uno
1235 1146 1313 1189 illo
1349 1161 1486 1207 opere

219 1212 278 1256 de
320 1210 629 1268 Singularibus
657 1212 795 1272 'apud
849 1213 1128 1265 Ciceronem.
1209 1212 1324 1270 Quis
1365 1215 1486 1256 enim.

217 1282 350 1325 unius
378 1280 571 1325 hominis
606 1296 698 1325 esse
736 1279 858 1326 dicat
884 1281 1237 1327 Commentarios
1276 1283 1485 1328 conscri-

217 1352 326 1413 bere
369 1352 417 1393 in
462 1365 614 1394 omnes
651 1352 758 1394 istos
801 1351 1033 1399 Ciceronis
1069 1351 1242 1406 libros,
1281 1351 1338 1394 ad
1372 1368 1487 1414 quos

216 1420 467 1476 fragmenta¹
504 1419 582 1463 illa
625 1421 894 1479 pertinent3
947 1418 1124 1474 accedit
1185 1421 1319 1467 etiam
1357 1421 1483 1480 quod

217 1491 443 1539 Charisius
471 1502 574 1549 post
602 1492 786 1534 citatum
813 1487 1040 1535 Ciceronis
1058 1480 1237 1541 ,nomen
1277 1505 1370 1532 non
1402 1487 1482 1531 di-

217 1561 396 1614 catDubi
426 1561 661 1604 Statilius
682 1568 846 1614 notat,
877 1559 967 1617 (de
996 1560 1321 1616 significatione
1340 1573 1484 1603 vocu-

215 1630 284 1674 lae
313 1629 395 1672 ubi
422 1643 561 1687 supra
588 1626 972 1685 disputavimus),
1012 1629 1091 1672 sed
1124 1628 1248 1672 dicat
1279 1637 1336 1671 ut
1366 1628 1485 1670 Sta-

217 1700 355 1743 tilius
375 1706 528 1740 notat.
587 1697 909 1740 Gravissimum
928 1709 1037 1739 vero
1061 1705 1238 1752 nostrae
1259 1696 1486 1755 opinionis
1518 1692 1525 1696 ’

214 1763 488 1828 praesidium
519 1778 574 1806 ex
590 1776 593 1779 “
609 1763 763 1807 indole
790 1764 979 1807 istorum
1008 1765 1363 1826 fragmentorum
1396 1783 1484 1825 pe-

217 1839 367 1881 timus.
412 1834 464 1879 Si
488 1832 609 1874 enim
639 1843 695 1875 ex
717 1832 1015 1892 inscriptione
1049 1832 1274 1880 Statiliani
1298 1836 1448 1895 operis
1468 1868 1485 1892 ,

216 1909 275 1952 de
301 1914 584 1962 argumente,
617 1902 749 1963 quale
776 1903 1081 1957 continuerit,
1110 1903 1324 1949 hariolari
1342 1904 1452 1950 licet
1469 1938 1485 1960 ‚

141 1979 147 1990 '
216 1977 487 2028 continuisse
525 1971 640 2016 illud
682 1971 880 2016 dicemus
916 1973 1124 2018 notitiam
1158 1989 1339 2029 eorum,
1371 1992 1485 2034 quae

215 2051 266 2096 in
288 2047 505 2090 Cicerone
522 2041 724 2095 dnoez'vel
736 2044 915 2093 σπανίως
942 2047 1152 2099 λεγομένω
1177 2045 1482 2100 reperiantur.

215 2120 312 2164 Iam
323 2131 427 2161 vero
449 2111 561 2173 quid
580 2109 835 2154 dubitamus
859 2110 915 2154 ad
934 2112 1071 2156 istum
1088 2110 1257 2158 librum
1281 2131 1331 2158 ea
1354 2114 1480 2171 frag-

213 2197 374 2230 menta.
403 2184 601 2233 referre,
628 2196 742 2240 quae
773 2184 958 2225 omnino
990 2198 1092 2226 cum
1122 2181 1240 2225 illius
1266 2181 1374 2226 libri
1400 2184 1481 2226 in-

214 2252 317 2298 dole
346 2253 642 2298 conveniant?

270 2323 434 2367 Nostra
457 2324 591 2380 igitur
616 2323 836 2368 sententia
865 2322 1065 2368 Statilius
1093 2339 1187 2368 non
1214 2324 1377 2369 merito
1401 2325 1482 2369 sibi

216 2391 365 2435 locum
401 2391 603 2436 vindicat
634 2394 754 2437 inter
796 2394 1028 2437 Ciceronis
1069 2382 1369 2452 interpretes,
1399 2394 1481 2435 etsi

217 2475 312 2502 ¹¹0³
346 2474 551 2513 negemus
577 2463 725 2521 ipsum
746 2457 923 2526 scriptis
961 2463 1049 2508 suis
1072 2462 1204 2507 libris
1235 2459 1482 2521 quidquam

218 2528 464 2573 contulisse·
482 2528 538 2572 ad
569 2531 796 2578 Ciceronis
820 2533 1257 2589 interpretationem.

888 2679 1026 2721 Cc2
1358 2687 1478 2718 CA·
