1945 3384
422 252 552 304 M·
583 248 851 300 ‘runnu
892 244 1512 309 clcnnovls.199

252 374 484 425 hmanas
520 374 671 456 ”4²²²
684 387 816 439 vero,
833 368 1166 432 inquitMajus,
1184 363 1332 411 Tanti
1352 367 1506 414 inter-

251 454 416 505 pretes
429 476 447 502 ,
477 446 561 504 qui
581 432 789 502 plurimi
815 443 866 489 in
891 437 1232 487 Ambrosianis
1264 435 1511 481 Codicibm

252 519 431 571 latent,
479 531 626 573 neque
677 514 829 558 multa
877 525 1026 569 neque
1072 509 1192 554 bona
1245 506 1513 552 eruditione

245 587 430 644 pollent
447 602 464 628 ε
493 583 799 643 etymologiae
839 577 1205 632 vocabulorum,
1228 575 1516 634 figurarum

252 657 550 709 notationes,
589 654 805 707 aliasque
846 661 1001 704 nugas
1030 647 1290 703 pueriliter
1321 661 1517 689 consec·-

258 731 441 766 tantur.
521 717 654 772 Quid
697 715 905 773 referam
951 715 1226 758 elocutionis
1271 714 1478 757 illuviem
1494 712 1523 756 ,7

260 788 380 847 quid
399 787 545 832 verba
574 786 631 830 de
657 776 877 829 barbarie
892 782 1109 841 fluentia
1124 783 1150 826 ἓ
1180 785 1296 842 quid
1318 784 1523 828 scabiem

259 865 310 900 et
336 853 679 914 porriginem?
717 854 836 913 quid
867 852 1203 898 scholasticam
1243 852 1521 897 levitatem?

257 924 566 971 Asconianuc
604 932 773 968 contra
808 923 1184 969 Commentarius
1212 938 1380 967 earum
1419 938 1522 966 om-

258 995 393 1038 nium
420 994 801 1038 lucubrationum
825 994 1049 1054 objurgat
1089 994 1345 1038 insaniam·
1402 993 1521 1037 Ad-

259 1062 319 1106 de
351 1064 476 1121 quod
503 1064 552 1107 in
584 1064 812 1108 Codicum
842 1063 1156 1107 recentiorum
1176 1078 1335 1120 paene
1366 1063 1524 1106 omni-

260 1133 347 1177 bus
390 1132 583 1176 scholiis
621 1131 892 1177 Christiani
933 1130 1142 1187 sparsim
1171 1131 1300 1173 ritas
1346 1133 1526 1176 semina

264 1211 534 1259 apparent.-
564 1210 620 1246 at
651 1204 700 1247 in
734 1202 1031 1247 Asconianic
1062 1214 1199 1242 secus
1218 1195 1345 1255 fit.’'
1404 1198 1532 1242 Alibi

263 1269 323 1314 ad
369 1272 498 1316 Orat.
550 1286 637 1335 pro
683 1269 902 1318 Marcello
954 1285 993 1314 c.
1012 1269 1052 1313 1.
1087 1282 1131 1313 2.
1175 1279 1226 1311 ut
1272 1268 1534 1326 ostenderet

267 1350 488 1397 quantum
511 1342 635 1386 inter
660 1342 951 1401 antiquorum
980 1348 1026 1381 et
1051 1338 1308 1396 sequiorum
1346 1331 1530 1396 tempo-

263 1423 366 1451 rum
407 1409 577 1468 scripta
629 1410 893 1455 interresset
914 1440 930 1463 ,
984 1421 1041 1450 ex
1074 1404 1253 1449 inediti
1296 1400 1533 1462 cujusdam

269 1477 545 1524 Scholiastae
566 1479 937 1529 annotationibus
953 1475 1042 1518 hoc
1064 1475 1292 1535 specimen
1305 1474 1528 1519 exhibuit.

269 1574 299 1599 „
334 1545 599 1590 Curriculo.
655 1548 752 1592 Est
777 1545 1111 1604 diminutivum
1139 1544 1198 1585 de
1228 1544 1396 1586 Curia·
1452 1545 1542 1589 Vel

265 1614 452 1656 dicitur
487 1632 519 1659 a
546 1615 795 1669 Cicerone,
826 1614 951 1673 quod
973 1611 1276 1662 Consulares,
1307 1615 1393 1669 qui
1417 1630 1534 1660 con-

264 1682 538 1735 veniebant,
568 1684 618 1726 in
643 1700 697 1726 eo
717 1685 816 1727 loeo
854 1682 1090 1726 habebant
1116 1676 1333 1725 tractare
1365 1685 1538 1729 ardua.

267 1750 339 1793 Et
363 1750 467 1792 ideo
509 1752 623 1810 quia
649 1751 761 1795 illue
784 1751 920 1794 ibant
937 1781 951 1804 ,
983 1757 1122 1792 tanta
1137 1747 1427 1807 frequentia
1456 1756 1538 1797 in-

269 1819 520 1875 cedebant,
551 1826 609 1864 ut
640 1834 833 1864 currere
858 1819 1155 1864 viderentur.
1161 1817 1192 1837 ''
1251 1819 1302 1864 Si
1337 1818 1542 1887 reliquae

269 1887 543 1935 ineditorum
571 1891 876 1952 interpretum
901 1887 1209 1931 annotationes
1233 1883 1422 1932 mellora
1445 1905 1540 1936 non

272 1959 467 2016 docent,
498 1976 643 2022 qnam
670 1960 759 2004 hoc
780 1959 1026 2018 specimine
1056 1957 1297 2013 docemur,
1325 1958 1411 2003 ista
1432 1976 1538 2004 sca-

273 2028 368 2072 bies
393 2041 439 2073 et
460 2031 643 2089 porrigo
671 2045 765 2074 non
789 2029 926 2087 digna
950 2039 1018 2073 est
1047 2043 1160 2087 quae
1187 2027 1288 2071 luce
1314 2027 1508 2073 fruatur.

336 2097 580 2157 Aliquanto
606 2085 837 2144 meliorem
865 2115 993 2158 spem
1028 2098 1178 2142 fovere
1205 2095 1315 2140 licet
1343 2096 1401 2141 de
1430 2098 1540 2142 An·-

275 2165 581 2209 notationibus
607 2160 818 2222 ineditis,
852 2182 967 2226 quae
992 2165 1137 2209 latent
1175 2167 1223 2208 in
1262 2166 1542 2211 Bibliotheca

276 2234 526 2290 Vaticana,
566 2251 673 2295 quas
712 2252 759 2280 se
804 2234 1051 2295 aliquando
1092 2234 1322 2278 editurum
1369 2234 1543 2280 dudum

276 2303 484 2357 promisit
530 2304 674 2360 Maius
721 2305 778 2349 ad
827 2306 1092 2360 Ciceronem
1145 2303 1204 2348 de
1257 2305 1372 2366 Rep.
1417 2306 1470 2347 L.
1499 2306 1539 2348 1.

279 2384 318 2411 c.
352 2383 420 2414 20.
458 2371 529 2415 his
556 2375 731 2418 verbisz
784 2405 813 2430 „
831 2375 895 2419 Id
916 2384 1258 2435 argumentum
1280 2375 1544 2420 noblissime

281 2447 464 2484 tractat
507 2443 676 2489 Cicero
719 2447 770 2490 in
797 2447 1013 2495 oratione
1047 2453 1154 2507 prol
1178 2445 1365 2500 Sextio,
1406 2446 1546 2505 cujus

726 2532 734 2539 ·
1468 2514 1548 2560 lu-
