1945 3384
571 239 823 290 GAan-N.
872 238 1220 291 SALIARIUM.
1318 282 1321 285 ,
1475 243 1531 289 §6

267 366 548 412 ztestimonia.
615 366 846 413 Horatius.
877 365 956 409 ubi
986 379 1140 408 eorum
1167 361 1396 406 stultitiam
1425 376 1527 406 cas-

267 438 415 493 -tigat,
445 431 524 494 quiri
561 430 875 479 recentissimis
915 435 1103 492 spretis,
1148 445 1280 477 caeco
1315 431 1532 477 Veterum

290 497 456 548 studio
466 514 510 546 et
539 513 685 544 amore
707 487 912 557 abrepti,
943 515 1032 544 non
1062 503 1150 545 nisi
1175 510 1346 563 vetusta
1359 498 1530 544 lauda-

270 567 335 617 're
377 571 545 622 solent,
594 581 693 610 noir
722 567 910 613 obscure
945 569 1110 614 fatetur
1151 585 1199 613 se
1234 585 1325 615 non
1359 567 1532 614 intelli-

281 639 384 697 gere
450 637 657 681 Carmina
715 638 824 681 ista:
869 638 1008 697 ipsius
1060 632 1197 682 verba
1253 632 1391 680 haee‘
1431 649 1540 683 sunt

263 709 430 782 LEPi⁸‘·
453 708 510 752 11.
554 723 592 751 ι.
619 706 690 750 86.

280 851 391 894 Jam
411 849 596 892 Saliare
613 845 801 889 Numae
822 860 1010 887 carmen
1028 847 1112 902 qui
1126 847 1297 890 laudat
1308 878 1321 899 ,
1352 856 1401 891 et
1417 848 1537 892 illud

286 920 422 975 Quod
445 930 624 984 mecum
652 917 872 972 ignorat,
905 917 1028 958 aolus
1056 916 1162 959 vult
1191 918 1315 960 scire
1340 916 1501 963 videri
1515 946 1532 970 ,

278 989 491 1045 Ingeniis
527 982 616 1030 non
648 982 728 1028 'ille
758 983 897 1040 favet
926 977 1213 1042 plauditque
1247 975 1474 1043 sepultis,

267 1053 336 1098 N
332 1062 459 1097 ostra
471 1054 560 1095 sed
572 1055 843 1111 impugnat,
858 1067 942 1094 nos
954 1058 1208 1108 nostraque
1226 1056 1397 1100 lividus
1413 1056 1530 1102 odit.

331 1191 434 1234 Post
457 1191 688 1234 Horatium
714 1186 900 1231 eandem
926 1188 1153 1244 querelam
1175 1194 1357 1251 repetiit
1371 1195 1529 1254 Quin-

268 1258 474 1312 tilianus,
506 1258 608 1316 qui,
637 1257 748 1300 Inst.
792 1258 933 1298 Orats
950 1257 1001 1301 L.
1030 1258 1063 1299 Ι.
1110 1274 1148 1301 c.
1164 1262 1204 1305 6.
1227 1265 1291 1319 §.
1319 1263 1389 1306 4ο.
1434 1277 1528 1305 non

271 1328 491 1373 dubitavit
515 1318 809 1385 pronuntiare
835 1320 1070 1368 Saliorum
1095 1331 1307 1383 carmina
1326 1330 1408 1373 vix
1439 1344 1523 1374 aa·

256 1388 534 1440 'cordetibus
580 1392 680 1435 suis
711 1392 848 1434 satia
892 1392 1140 1438 intellecta.
1203 1396 1269 1438 Et
1310 1410 1437 1454 quae
1466 1398 1525 1442 sit

264 1464 408 1519 hujus·
426 1463 698 1518 ignorantiae
733 1475 862 1503 causa
882 1491 895 1514 ,
927 1477 1019 1504 nou
1041 1463 1180 1519 *longe
1216 1467 1524 1522 quaerendum

263 1542 359 1586 est3
392 1530 603 1578 Carmina
637 1531 757 1574 enim
790 1531 874 1574 ista
909 1531 1094 1575 Saliaria
1122 1547 1261 1591 penes
1297 1532 1521 1580 Saliorum

262 1599 508 1657 Collegium
544 1609 714 1656 servata
753 1599 887 1641 fuisse
922 1597 1134 1643 videntur
1151 1630 1164 1653 ,
1192 1611 1244 1642 ut
1281 1605 1522 1660 quotannis

263 1670 420 1714 diebus
448 1669 705 1731 solennibus
743 1671 794 1713 in
832 1668 1007 1713 summa
1026 1666 1239 1723 religione
1273 1681 1516 1716 cantaren-

259 1751 362 1784 tur:
395 1751 527 1799 atque
550 1740 615 1782 sic
650 1738 834 1798 quidem
858 1738 1049 1782 sortasse
1081 1736 1251 1797 aliquot
1287 1735 1436 1785 secula
1468 1743 1517 1786 in

251 1805 470 1852 sacrario·
495 1809 649 1867 templi
684 1807 840 1851 Martis
876 1809 1001 1862 juxta
1042 1806 1222 1851 Ancilia
1256 1820 1303 1852 et
1337 1809 1514 1872 reliqua

259 1876 480 1921 saliorum
518 1878 816 1921 instrumenta
853 1874 1086 1918 recondita
1122 1874 1319 1922 fuerunt.
1387 1881 1513 1939 Qui-

256 1946 340 1988 bus
366 1946 499 2002 igitur
537 1947 812 2004 temporibus
845 1944 972 1988 rudis
1003 1943 1093 1987 illa
1108 1945 1414 1992 Romanorum
1439 1951 1509 1993 ci-

255 2015 364 2059 vitas
387 2014 646 2057 liberalibus
671 2012 901 2072 paullatim
940 2013 1189 2070 disciplinis
1220 2031 1379 2060 vacare
1400 2033 1509 2062 coe-

253 2084 414 2141 piss‘et,
443 2095 490 2127 et
512 2083 753 2127 communis
775 2084 936 2128 civium
957 2083 1109 2138 lingua
1131 2082 1187 2127 ab
1209 2083 1371 2129 infanti
1393 2084 1505 2128 bar-

253 2152 381 2197 barie
409 2152 687 2206 recessisset,
716 2151 960 2209 aliquando
982 2153 1113 2196 cives*
1126 2152 1317 2201 Romani
1334 2162 1380 2195 et
1402 2168 1506 2198 mox

252 2221 320 2265 vel
365 2222 466 2280 ipsi·
489 2220 739 2265 sacerdotes
778 2236 829 2263 ea
877 2220 1177 2280 antiquissima
1219 2219 1507 2267 monumenta

250 2305 352 2350 »nonv
370 2288 699 2336 intellexerunt.
757 2289 893 2349 Quod
913 2288 970 2339 de
994 2287 1151 2331 Saliari
1181 2289 1392 2334 Carmine
1417 2307 1502 2335 va-

248 2360 334 2413 let,
354 2359 484 2407 idem
495 2360 614 2406 valet
640 2359 697 2403 de
723 2360 915 2416 Legibus
937 2359 1026 2403 XII
1039 2356 1336 2414 Tabularum,
1361 2376 1502 2419 quae,

187 2479 190 2481 ,
249 2427 333 2472 etsi
352 2426 493 2470 tribus
517 2429 609 2473 fere
636 2429 793 2474 seculis
818 2440 919 2491 post
944 2427 1127 2473 saliaria
1152 2427 1361 2472 Carmina
1382 2431 1499 2472 scri·-

245 2508 349 2555 ptae
377 2507 520 2542 essent
540 2504 553 2550 3
583 2515 721 2558 aeque
746 2501 892 2544 minus
917 2501 971 2543 iis
997 2497 1269 2556 temporibus
1292 2498 1502 2544 intellec-

948 2570 990 2610 D
1438 2580 1506 2612 tae
