1945 3384
425 262 499 310 ’Μ.
544 248 1288 311 TULLII‘cmERoNIS.·
1416 271 1499 304 ,οι

226 383 476 444 ·dul)itsre·,
506 403 639 449 quam
662 385 870 430 audacius
899 377 1174 431 contendere
1204 374 1368 437 malim.
1384 397 1389 405 =
1407 379 1492 421 In-

239 468 456 517 terpretes
488 456 659 502 scilicet
683 452 910 500 Ciceronis
935 452 1028 495 n'on
1054 463 1127 493 eos
1151 444 1355 504 mteuigo
1374 447 1492 489 scri-

225 538 386 584 ptores
404 558 416 579 ‚
465 541 655 586 quorum
690 523 929 580 cujuslibet
968 520 1140 577 generis
1176 518 1344 577 scripta
1378 529 1493 576 pro-

239 597 328 639 sint
360 596 507 656 aliqua
543 606 672 654 parte
709 593 940 638 Ciceronis
981 588 1369 650 interpretationiz
1411 584 1492 629 sed

235 679 307 707 eos
330 681 413 721 per
439 663 746 708 excellentiam
774 660 974 715 intelligo
993 690 1006 712 ,
1039 660 1117 720 qui
1147 650 1366 718 occuliari
1387 665 1488 698 stu-

234 731 312 773 dio
342 729 694 773 Commentarios
732 728 782 769 in
820 726 907 770 hoc
937 728 1017 771 vel.
1033 728 1147 771 illud
1175 729 1494 774 Ciceronianae

234 798 465 843 doctrinae
494 807 832 843 monumentum
868 810 1230 856 composuerunt.
1289 802 1354 842 De
1384 798 1493 842 Sta·

233 866 352 918 tilio,
383 865 751 928 quandoquidem
786 876 832 909 et
864 865 1005 925 ipsius
1040 868 1208 930 scripta
1245 868 1495 929 perierint,

231 950 277 982 et
303 937 424 981 nulla
445 941 659 983 Veterum
681 937 851 980 mentio
880 935 1094 992 declaret,
1119 937 1268 996 qualia
1293 936 1462 983 fuerint
1477 969 1492 991 ,

232 1005 414 1049 difficile
439 1005 568 1049 dictu
596 1016 688 1060 est,
716 1005 912 1064 quanam
937 1007 1109 1051 ratione
1132 1008 1324 1066 judicari
1346 1023 1490 1070 opor·

231 1087 335 1120 teat.
395 1076 666 1130 Charisius,
693 1085 874 1133 praeter
905 1079 1040 1130 quem
1080 1093 1242 1131 nemo,
1274 1090 1499 1136 quantum

229 1144 346 1197 scio,
380 1145 546 1190 Statilii
576 1143 854 1188 mentionem
887 1143 1076 1200 injecit,
1105 1160 1248 1207 pauca
1274 1145 1495 1205 quaedam

223 1215 366 1273 ipsius
402 1214 649 1271 fragmenta
670 1215 892 1266 servavit3
926 1231 1039 1273 quae
1067 1217 1315 1271 fragmenta
1343 1224 1494 1257 utrum

227 1285 371 1328 omnia
399 1299 452 1327 ex
491 1283 649 1328 eodem
684 1298 820 1341 opere
855 1282 1057 1327 desumta
1093 1284 1219 1339 sint,
1246 1282 1334 1326 hoc
1371 1282 1487 1327 illud

227 1367 320 1405 est,
362 1354 419 1397 de
463 1370 553 1413 quo
581 1367 859 1412 quaeremus.
917 1352 1145 1396 Charisius
1180 1344 1353 1396 scilicet
1390 1367 1486 1406 non

225 1426 393 1483 ubique
426 1424 555 1480 addit
598 1438 761 1465 nomen
790 1420 930 1476 libri,
966 1438 1021 1466 ex
1047 1416 1157 1482 qim
1186 1424 1360 1478 hausit,
1404 1423 1485 1467 sed

224 1492 399 1535 duobus
431 1504 602 1536 tantum
632 1489 742 1532 locis
775 1502 992 1540 memorat
1021 1492 1186 1535 Statilii
1220 1493 1393 1536 librum
1420 1495 1486 1536 De

224 1561 533 1619 Singularibus
570 1558 693 1617 apud
728 1559 995 1605 Ciceronem
1019 1563 1176 1619 positis
1195 1582 1207 1606 ε

220 1646 269 1689 p.
304 1634 397 1689 175·
439 1648 480 1688 9.
537 1630 608 1673 Et
645 1639 802 1674 tamen
837 1632 1030 1688 passim
1067 1632 1233 1688 magni
1275 1641 1320 1677 te
1349 1633 1485 1692 facit

438 1700 642 1742 dicimus
668 1700 908 1747 etmulti,
933 1709 983 1743 et
1009 1703 1486 1759 quia‘saepenumero

437 1766 714 1810 contendere
749 1782 781 1809 a
812 1766 944 1810 nobis
978 1783 1068 1811 non
1093 1768 1341 1825 desinitis,
1371 1768 1486 1817 licet

433 1836 661 1880 Statilius
692 1836 933 1880 Maximus
963 1839 1020 1881 de
1049 1839 1396 1896 Singularibus
1416 1857 1479 1884 a-

353 1925 357 1927 ·
425 1904 535 1960 pud
564 1905 834 1949 Ciceronem
861 1923 1038 1966 quoque
1052 1910 1235 1966 positis
1257 1925 1481 1967 saepenu-

433 1989 559 2017 mero
589 1985 744 2030 notet,
777 1978 913 2021 utin
942 1979 1145 2021 caeteris
1162 1990 1236 2021 ‘an
1262 1979 1388 2021 ratio
1414 1988 1482 2022 te·
1506 1971 1519 1976 ’-

431 2059 540 2089 neat
587 2063 778 2089 examen
796 2078 810 2100 ,
848 2061 943 2103 per
983 2048 1172 2090 easdem
1199 2050 1308 2092 vias
1326 2049 1481 2106 pede·

432 2118 596 2159 tentim
624 2116 781 2159 subire
810 2116 1108 2171 conabimur,
1137 2120 1222 2161 cet.

218 2196 264 2240 p.
301 2184 391 2239 195.
431 2183 502 2228 48.
562 2184 921 2231 SToMAcnosE.
955 2185 1119 2229 Cicero
1154 2186 1474 2246 [Att.X.5.],

440 2261 495 2294 ut
526 2254 746 2298 Statilius
775 2255 1015 2298 Maximus
1046 2255 1103 2298 de
1139 2257 1476 2315 Singularibus

435 2323 570 2377 apud
595 2325 894 2383 cumpositis
922 2335 1072 2376 notat.

270 2385 465 2445 Reliqua¹
483 2390 756 2448 fragmenta,
783 2397 861 2438 ubi
888 2395 1233 2438 Charisiusnon
1252 2394 1390 2438 .addit
1417 2409 1476 2449 en

217 2471 306 2517 quo
334 2454 451 2500 libro
485 2457 777 2520 desumserit,
808 2465 916 2508 haec
951 2476 1057 2517 sunt
1076 2484 1089 2510 ι
1476 2456 1479 2461 Α

949 2536 983 2577 C
1001 2550 1023 2576 c
1358 2536 1476 2578 Sta-
