1945 3384
544 276 608 325 M.
657 276 859 327 1³0ch
882 306 884 309 f
902 276 1186 325 CATONI&
1443 284 1502 331 65

246 397 437 446 Marc-us
469 401 586 446 Cato
627 403 676 446 in
711 402 921 447 oratione
940 432 953 455 ‚
986 414 1129 458 quam
1161 399 1220 443 de
1248 398 1358 445 bello
1386 401 1504 447 Oar-

246 470 534 527 tlzaginiensi
560 472 833 527 composuit.
890 469 1009 513 Illud
1039 465 1222 529 'quidem
1252 468 1383 514 facile
1398 470 1502 515 ὀι-ο-

246 538 412 583 diderit
444 536 655 585 Vossius,
685 531 930 583 orationem
944 544 1075 588 seam«
1093 538 1226 582 fuisse
1264 539 1501 596 Originum

242 610 378 664 libris·
391 605 635 661 inclusam,
669 622 806 665 quum
833 608 880 651 id
912 606 1069 651 fecisse
1094 605 1326 665 aliquoties
1358 610 1495 653 Cato-

243 675 375 732 nem,
400 675 629 720 manifeste
655 675 1137 734 ostendat-luculentus
1154 677 1271 721 Livii
1295 676 1419 720 locus
1446 678 1499 721 in

243 748 366 811 Epit
403 746 456 787 L.
481 744 646 788 XLIX.
692 743 771 787 sed
800 747 980 789 omnino
999 755 1143 802 negat
1168 747 1390 789 Catonem
1418 745 1495 787 di-

243 821 425 858 versum
444 812 499 859 ab
540 807 778 869 Originum
808 812 938 856 libris
976 814 1209 856 historiam
1254 816 1497 885 scripsisse.

245 884 293 928 Si
338 884 489 948 itaque
536 881 722 938 probari
768 875 937 939 poterit
986 879 1165 923 Catonis
1210 864 1503 924 Historiarum

241 955 405 1010 libros,
434 953 626 1012 aliquem
649 950 708 994 de
735 951 973 997 Veteribus
1011 948 1233 994 invenisse
1266 952 1498 1009 interpre-

243 1032 359 1076 tem,
399 1028 659 1089 persuasum
692 1011 821 1062 nobis
862 1020 1123 1065 habebimus
1141 1052 1156 1076 ,
1200 1020 1286 1064 hoc
1325 1018 1497 1063 intelli-

244 1091 439 1147 gendum
465 1105 577 1134 esse
567 1090 642 1131 de
648 1082 911 1143 Originum
937 1089 1081 1133 libris.
1141 1092 1279 1144 Cujus
1314 1088 1523 1147 quidem*

242 1161 332 1215 rei,
362 1160 444 1203 etsi
470 1175 562 1202 uon
583 1169 725 1202 exstet
749 1152 915 1201 diserta
937 1158 1173 1213 memoria,
1199 1157 1324 1201 nefas
1350 1158 1409 1200 sit
1431 1156 1504 1201 vel

241 1228 338 1274 leve
363 1229 582 1270 indicium
615 1227 853 1282 negligere.

425 1448 819 1521 Statilius
883 1449 1315 1523 Maximus·

298 1676 554 1730 Charisius,
598 1674 677 1716 ubi
719 1673 777 1718 de
827 1676 1132 1736 antiquiorum
1180 1680 1498 1726 vocabulorum

240 1761 322 1790 usu
360 1756 405 1788 et
442 1743 762 1801 significatione
811 1744 1011 1807 disputat
1029 1778 1044 1799 ‚
1090 1748 1339 1807 saepissime
1389 1753 1496 1798 citat

239 1829 374 1874 opera
405 1813 584 1857 Catonis
616 1817 761 1868 senis,
791 1816 853 1857 ita
890 1815 1101 1874 quidem,
1131 1827 1182 1858 ut
1211 1817 1320 1864 haec
1338 1852 1352 1875 ‚
1383 1839 1496 1881 quae

240 1897 363 1930 nunc
398 1880 491 1925 fere
520 1885 668 1928 omnia
698 1886 956 1945 perierunt,
984 1886 1124 1945 ipsius
1154 1898 1292 1932 aetate
1329 1905 1494 1950 super-

239 1948 372 1995 fuisse
402 1948 651 1999 videantur.
710 1957 853 2016 Atqui
891 1955 967 1999 hic
1011 1953 1106 1997 illic
1145 1956 1376 2001 manifeste
1413 1960 1491 2005 in-

240 2019 341 2062 nuit
373 2020 588 2079 antiqua
599 2024 683 2070 ista
728 2022 940 2070 vocabula
975 2023 1028 2066 in.
1063 2024 1244 2069 Catonis
1283 2028 1494 2088 operibus

243 2089 332 2142 iam
361 2099 467 2133 ante
500 2105 543 2132 se
577 2076 803 2141 observata
837 2095 966 2138 fuisse
993 2111 1018 2138 a
1056 2093 1232 2139 Statilio
1264 2097 1490 2157 Maximo,

241 2173 324 2206 nec
362 2169 509 2203 tamen
540 2161 667 2205 addit
697 2164 922 2208 Charisius
942 2195 970 2220 ‚
981 2179 1076 2224 quo
1105 2163 1222 2208 libro
1259 2165 1389 2210 haee·
1401 2168 1490 2211 ob-

241 2231 481 2273 servaverit
518 2232 760 2278 Maximus.
795 2236 906 2294 quin
937 2236 1027 2279 imo
1063 2235 1245 2279 Maximi
1279 2237 1491 2283 observa·

244 2297 383 2341 tiones
410 2299 464 2343 ad
492 2301 706 2348 Catonem
732 2305 959 2350 interdum
995 2307 1057 2349 sic
1090 2316 1218 2350 vocat
1240 2305 1289 2348 in
1310 2317 1459 2367 partes
1478 2338 1492 2361 ‚

244 2379 295 2411 ut
315 2369 443 2413 facile
467 2370 577 2432 quis·
603 2376 823 2430 conjicere
854 2378 1042 2437 possita
1069 2376 1264 2420 Maximo
1285 2376 1491 2435 *peculia-

246 2454 339 2483 rem
375 2440 751 2488 Commenta-ium
776 2447 1065 2506 compositum
1097 2445 1192 2492 esse
1227 2447 1284 2491 ad
1312 2447 1492 2492 Catonis

1424 2515 1490 2561 li-
