1945 3384
356 264 437 307 150
507 263 638 306 CAP.
669 264 750 306 lx.
810 264 886 306 DE
932 265 1148 324 ANTIQ.
1192 268 1471 319 INTERPR.

358 397 469 443 pora
484 414 497 436 ‚
528 383 690 442 quibus
711 384 1015 428 Diocletianus
1041 397 1086 432 et
1120 389 1409 433 Maximianus
1440 391 1624 435 Hercu-
1646 416 1650 420 ·

361 453 486 509 leus,
518 455 639 520 ⁸alter
665 455 713 498 in
754 456 974 511 Oriente,
1005 456 1115 502 alter
1145 460 1194 502 in
1225 460 1502 516 Occidente,
1532 462 1626 505 im·-

357 538 536 584 penum
560 535 750 570 teneret·

417 593 508 638 Nos
538 594 749 655 quidem,
779 595 858 636 ubi
892 610 1204 652 quaereremus
1246 599 1514 654 quibusnam
1547 602 1627 644 in-

342 658 495 708 ‘dictis
528 666 709 709 Vossius
740 665 788 706 in
820 674 912 706 tam
951 663 1062 708 altae
1095 666 1373 726 antiquitatis
1404 670 1628 729 suspicio-

363 747 467 774 nem
499 732 667 776 adduci
711 736 942 792 potuerit,
986 751 1146 793 operae
1188 737 1387 794 pretium
1424 737 1629 781 duximus

361 801 513 861 ipsum
535 803 662 846 illum
689 802 905 846 codicem
930 803 1067 846 oculis
1091 806 1254 848 nostris
1276 806 1481 851 lustrare.
1538 808 1629 851 At-

364 874 446 930 qui
476 884 527 914 ut
556 870 771 915 Codicem
801 872 1050 927 aperimus,
1080 875 1138 914 in·
1169 872 1321 916 fronte
1363 873 1419 915 ad
1459 875 1626 928 margi-

330 939 333 941 *
360 956 464 982 nem
489 938 689 984 videmus
712 938 768 981 ab
798 938 1012 997 antiqua,
1043 940 1296 985 recentiore
1322 952 1469 985 tamen
1495 957 1629 1001 quam

361 1025 475 1068 quae
517 1009 731 1053 Codicem
769 1010 997 1065 exaravit,
1043 1026 1178 1054 manu
1213 1012 1492 1070 adscriptum
1536 1026 1629 1054 esse

360 1080 492 1123 illum
538 1081 804 1139 Hieronymi
838 1079 1039 1136 locum‚·
1064 1095 1198 1140 quem
1244 1095 1379 1139 supra
1414 1079 1627 1124 exhibui-

361 1165 489 1193 mus:
523 1162 568 1207 et
599 1167 701 1193 mox
728 1151 839 1192 haec
868 1152 1032 1192 verba:
1092 1180 1123 1202 ‚,
1154 1150 1239 1192 An
1263 1149 1484 1192 Vulcatii
1508 1149 1629 1190 Gal-

358 1221 510 1263 licani
538 1220 676 1278 cujus
712 1227 900 1262 exstant
936 1218 1119 1275 aliquot
1145 1217 1301 1274 Impp.
1333 1218 1509 1261 vitae.’'
1565 1217 1633 1260 De

359 1292 575 1335 Vossiana
603 1289 817 1346 opinione
852 1287 965 1346 quid
1000 1285 1289 1333 statuendum
1324 1287 1409 1340 sit,
1438 1286 1494 1328 ab
1536 1284 1630 1328 aliis

359 1360 517 1403 doceri
544 1358 695 1416 cupio.
1431 1400 1434 1405 ,

415 1430 471 1471 In
499 1421 842 1470 Commentariis
867 1425 978 1482 ipsis
1014 1417 1184 1469 nullam
1210 1441 1312 1469 suae
1350 1427 1506 1469 aetatis
1546 1425 1625 1469 di-

360 1509 524 1542 sertam
566 1495 842 1537 mentionem
887 1495 996 1538 facit
1051 1506 1248 1548 auctor;
1305 1496 1509 1541 meminit
1552 1494 1627 1537 ille

364 1567 551 1628 quidem
595 1563 762 1606 alicubi
807 1561 1144 1605 consuetudinis
1199 1562 1422 1606 Ecclesiae
1457 1564 1627 1606 Roma-

360 1652 476 1688 nae,
509 1648 624 1692 quae
658 1644 737 1671 suo
762 1640 965 1686 tempore
1000 1630 1275 1673 obtinuerit:
1325 1661 1357 1684 „
1388 1632 1626 1685 Delubra,

361 1705 517 1762 inquit
544 1701 599 1744 atl
632 1698 826 1742 Divinat.
854 1698 903 1739 in
940 1698 1000 1753 Q.
1036 1698 1278 1741 Caecilium
1319 1715 1357 1740 c.
1381 1700 1417 1741 I.
1451 1700 1634 1757 dicun-¹

361 1782 446 1817 tur
467 1770 657 1827 templa,
687 1767 1180 1826 niliilominusbtamen
1208 1777 1257 1810 et
1273 1769 1543 1812 simulacra.
1568 1770 1628 1812 cib

360 1859 413 1886 eo
457 1840 581 1899 quod
620 1837 857 1880 dolantur.
920 1836 1022 1879 Hic
1061 1851 1174 1878 vero
1219 1836 1392 1892 templa
1430 1839 1626 1896 signifi-

361 1911 457 1957 eat.
517 1907 627 1952 Alii
662 1905 833 1947 dicunt
868 1905 971 1946 loca
1002 1904 1085 1945 illa
1127 1905 1316 1947 interna
1350 1910 1632 1963 templorum

359 1996 460 2028 esse
500 1975 697 2022 delubra
718 2004 730 2026 ‚
786 1973 869 2015 ubi
907 1987 1035 2028 aqua
1085 1971 1327 2016 hominum
1371 1971 1631 2019 deluuntur

343 2036 589 2107 peccata.-
633 2052 721 2086 aut
755 2044 837 2085 illa
864 2057 983 2104 quae
1017 2050 1126 2085 ante
1163 2044 1337 2100 templa
1378 2052 1492 2089 sunt
1526 2045 1625 2087 sine

356 2110 486 2163 teoto
525 2125 575 2159 et
627 2129 748 2172 quae
785 2114 953 2168 plavia
1000 2112 1271 2157 deluuntur.
1311 2121 1400 2155 aut
1442 2111 1524 2153 ubi
1565 2129 1624 2154 a-

364 2205 458 2248 qua
502 2186 669 2244 posita
716 2188 816 2234 est,
875 2189 930 2223 ut
985 2181 1304 2237 ingredientes
1360 2180 1409 2222 in
1461 2182 1627 2237 templo

361 2255 628 2314 spargendo
664 2269 711 2294 se
751 2253 972 2306 deluant,
1004 2250 1321 2309 purgationis
1356 2265 1500 2292 causa
1538 2251 1627 2293 hoo

361 2323 853 2381 scilicetsacientesss'
898 2323 964 2367 Ex
991 2323 1124 2378 hujus
1152 2334 1260 2364 vero
1293 2319 1627 2363 consuetudinis

363 2393 781 2443 commemoratione
804 2391 916 2435 nihil
942 2391 1193 2450 quidquam
1217 2389 1326 2430 certi
1357 2388 1414 2431 de
1433 2390 1626 2432 auctoris

361 2475 502 2512 aetate
530 2461 696 2515 conjici
718 2475 848 2519 posse
867 2463 1120 2517 opinamur.
1166 2460 1478 2519 Antiquissimi
1507 2459 1628 2502 enim

364 2530 625 2583 Christiani,
645 2528 918 2578 Judaeorum
940 2529 1144 2577 instituta
1168 2531 1324 2586 secuti,
1341 2531 1467 2591 prius
1492 2543 1627 2587 quam

1548 2613 1623 2647 ae·-
