1945 3384
648 240 679 252 Q

460 329 526 378 M.
576 327 838 375 ‘ruLLu
880 294 1341 389 memoras-2
1419 336 1496 380 ι4ι

242 467 276 511 3,
292 454 569 499 instructam.
613 450 755 496 Immo
777 450 1151 511 quum'Seholia‚
1182 469 1294 516 quae
1319 453 1375 497 ad
1401 455 1501 499 Ca-

248 554 276 579 „
295 525 561 568 tilinariam
584 530 830 580 quartam,
853 519 1241 577 Marcellianum,
1264 524 1502 582 Ligaria-

246 624 275 650 „
289 610 424 649 nam,
448 603 494 637 et
510 608 605 651 pro
631 607 739 651 rege
760 593 994 651 Dejotaro
1020 591 1140 636 infra
1157 592 1372 638 addemus
1386 626 1400 646 ‚
1418 608 1502 637 eo·

246 696 274 720 „
292 665 394 710 dem
412 665 552 708 ferme
573 664 674 718 jure
700 659 952 707 Asconiana
978 663 1153 718 possint
1173 663 1362 720 haberi3
1394 661 1502 710 XX.

247 766 275 790 „
290 736 380 790 jam
396 731 626 776 Ciceronis
650 732 872 775 orationes
894 729 1142 790 interprete
1164 748 1244 778 suo
1259 767 1274 790 ,
1300 749 1391 795 quo
1406 735 1502 779 mi-

243 833 273 858 „
289 803 420 846 rifiee
445 798 669 855 gaudent,
698 798 897 843 Asconio
924 804 1247 849 exornantur-’⁹

296 870 430 914 Hisce
468 868 748 925 potissimum
788 870 1056 922 argumentis
1085 886 1207 916 suam
1242 872 1504 932 opinionem

242 939 426 983 firmare
461 935 633 980 studuit
664 937 813 996 Maius
833 969 847 990 ‚
884 953 998 997 quae
1035 940 1136 983 mea
1175 940 1360 1001 quidem
1392 955 1505 984 sen-

239 1007 381 1053 tentia
405 1005 643 1065 plurimam
667 1016 844 1065 partem
874 1006 1133 1064 hujusmodi
1149 1019 1271 1064 sunt,
1299 1020 1351 1053 ut
1375 1007 1507 1053 facile

239 1075 554 1138 persuadeant.
613 1075 704 1119 Sed
742 1074 868 1131 Maio
908 1091 1011 1120 mox
1051 1092 1097 1121 se
1140 1078 1353 1137 opposuit
1387 1078 1505 1123 Nie-

241 1146 431 1190 huhrius
462 1146 512 1187 in
542 1144 690 1187 Praef.
719 1144 777 1187 ad
801 1146 1018 1190 Fronton.
1057 1142 1106 1206 11¹·
1131 1145 1348 1191 XXXIV.
1388 1162 1438 1190 n·
1460 1147 1505 1192 4.

247 1248 276 1271 ,,
295 1216 354 1260 H
353 1217 399 1260 ic
421 1213 758 1259 Ciceronianus
780 1213 1051 1272 Inter-pres,
1067 1213 1219 1273 inquit
1237 1213 1341 1268 ille,
1361 1229 1507 1272 mag-

239 1288 292 1332 ni
329 1300 440 1330 sane
468 1282 627 1340 pretii
668 1291 827 1345 estet
862 1284 1030 1328 doctus
1047 1314 1062 1337 ,
1105 1297 1197 1326 non
1240 1291 1398 1328 tamen
1433 1290 1512 1329 est

239 1355 479 1403 Asconius
493 1369 515 1404 ,-
547 1350 633 1394 sed
653 1350 777 1393 idem
809 1352 893 1409 qui
925 1353 974 1394 in
1007 1350 1244 1397 Ver-rinae
1273 1352 1507 1413 scrip-dt,

242 1424 406 1485 quarti
433 1419 613 1465 saeculi
640 1418 792 1462 homo.
837 1420 969 1464 Nam
995 1420 1039 1463 ie
1062 1435 1242 1479 quoque
1269 1435 1505 1465 commen-

242 1496 399 1542 tarius
422 1507 512 1535 non
540 1497 665 1532 recte
689 1488 899 1539 Asconio
925 1489 1189 1544 tribuitur,
1221 1498 1366 1548 atque
1388 1490 1510 1533 mihi
1583 1520 1596 1524 -

241 1563 436 1607 dubium
473 1573 564 1602 non
602 1564 677 1600 est
694 1586 710 1610 ‚
750 1559 800 1602 in
840 1559 1110 1618 Poggianie
1153 1561 1361 1606 Asconii
1383 1576 1507 1619 apo-

239 1629 444 1688 graphis
470 1627 593 1668 hunc
622 1638 713 1667 non
747 1628 1019 1684 exstiti-sie,
1048 1632 1133 1676 sed
1163 1632 1360 1675 aliunde
1396 1631 1506 1675 edi-

243 1709 346 1744 tum
369 1695 519 1741 esse.’'
575 1693 665 1737 Nos
702 1692 887 1751 quidem
920 1698 1110 1742 maxime
1145 1697 1346 1744 dolemus
1370 1716 1504 1745 acer-

240 1769 405 1811 rimum
437 1763 567 1807 illum
590 1761 812 1807 Critieum
844 1763 909 1807 ita
942 1780 998 1809 ex
1036 1766 1217 1826 tripode
1242 1769 1506 1825 enuntiare,

243 1849 378 1894 quam
434 1844 613 1875 suarum
658 1830 921 1891 opinionum
979 1846 1237 1890 argumenta
1280 1854 1507 1899 exponere

242 1902 462 1947 maluisse.
519 1899 667 1954 Maius
697 1909 874 1954 tamen,
902 1902 1057 1948 audita
1084 1906 1325 1952 Niebuhrii
1350 1911 1504 1957 inter-

245 1974 465 2024 cessione,
493 1964 587 2012 non
623 1966 846 2014 dubitavit
880 1971 931 2014 in
966 1985 1020 2015 eo
1062 1983 1194 2020 stare„
1215 1976 1339 2036 quod
1370 1976 1508 2025 semel

241 2042 555 2102 judicaverat3
596 2038 707 2081 hinc
747 2040 796 2083 in
841 2041 1139 2088 Commentat.
1179 2044 1211 2088 l.
1243 2060 1283 2090 e.
1324 2062 1374 2104 p.
1403 2048 1504 2095 διο.

241 2111 437 2173 primum
476 2106 659 2169 quidem
697 2109 882 2155 miratus
908 2123 976 2157 est
1011 2130 1103 2175 quo
1134 2128 1268 2180 pacto
1291 2116 1501 2166 Niebuh÷

245 2183 340 2226 rius
389 2181 624 2224 confirmet
642 2211 656 2232 ‚
706 2181 1009 2240 Interpretem
1061 2189 1354 2232 Verrinarum
1407 2202 1503 2231 esse

245 2249 397 2308 quarti
439 2249 602 2294 saeculi
635 2250 892 2308 hominem,
921 2264 967 2296 et
1002 2271 1091 2315 qua
1129 2256 1200 2300 vel
1240 2257 1503 2301 auctoritate

243 2319 316 2362 vel
352 2320 398 2363 vi
434 2319 657 2364 detrahat'
681 2322 876 2368 Asconio
915 2325 1289 2369 commentarium
1311 2359 1326 2382 ‚
1365 2343 1503 2386 quem

243 2390 487 2431 eommunis
523 2391 740 2433 sententia
757 2421 771 2446 ,
803 2407 938 2450 quem
967 2393 1143 2438 codices
1178 2394 1326 2440 eidem
1351 2397 1499 2442 Asco-

238 2457 318 2500 nio
330 2457 594 2504 vindicent:
630 2471 722 2508 tum
748 2475 854 2505 vero
884 2463 1045 2518 etiam,
1072 2475 1125 2508 ut
1153 2464 1213 2510 de
1236 2483 1390 2511 recens
1417 2469 1501 2510 in—

241 2534 375 2568 vento
431 2526 686 2587 Interprete
735 2529 902 2575 dictam
958 2537 1222 2579 sententiam
1269 2547 1498 2590 tueretur,

241 2593 455 2656 plurimos
492 2597 648 2642 modos
677 2614 754 2644 seu
788 2598 908 2647 locos
939 2617 992 2645 ex
1022 2606 1311 2653 Ambrosiam
1343 2606 1500 2651 luter-

928 2672 956 2716 S
988 2676 1014 2718 3
1384 2689 1499 2736 pre-
