1945 3384
393 272 473 316 108
562 271 696 316 CAP.
725 270 803 316 VI.
863 270 940 315 DE
981 261 1196 326 AN'HQ.
1235 268 1512 319 INTERPR.

387 391 575 435 maticus
615 388 923 436 Antiocheam
962 389 1070 431 citat
1086 421 1099 444 ,
1129 389 1368 434 etiamnum
1411 387 1616 447 legantur
1628 401 1649 438 ι’

389 461 514 521 quod
545 459 700 502 dubito
716 476 719 479 ·
732 458 790 501 an
804 457 1056 501 ‘Fabricius
1070 458 1231 518 'probe
1262 456 1469 504 tenuerit.

432 531 508 573 'De
528 525 765 571 Euanthia
793 528 946 588 itaque
982 540 1134 573 nostra
1161 531 1379 574 sententia
1408 546 1459 574 eo
1495 529 1645 585 redit,

384 610 434 640 ut
459 597 693 658 opinemur
715 598 865 657 ipsum
889 600 977 643 sihi
1008 615 1103 644 non
1125 601 1286 643 merito
1309 599 1454 646 locum
1488 598 1645 644 vindi-

387 681 486 710 care
515 668 637 712 inter
673 670 1051 731 Terentianarum
1079 668 1332 718 fabularum
1359 671 1644 731 interpretes.

906 776 972 850 s·
1034 813 1099 841 ιι.
1131 816 1147 852 J

712 931 995 988 Nigidius
1043 931 1328 988 Figulus.'

434 1086 485 1128 P.
513 1082 717 1140 Nigidius
746 1082 926 1140 Figulus
945 1115 959 1138 ,
990 1082 1067 1127 ille
1084 1116 1096 1138 ‚
1129 1099 1262 1143 quem
1294 1083 1454 1127 Cicero
1482 1084 1530 1126 in
1565 1099 1645 1127 ex·-

382 1152 651 1210 stinguenda
694 1151 912 1197 Catilinae
950 1155 1259 1209 conjuratione
1291 1156 1459 1196 socium
1494 1152 1650 1195 habuit
1718 1199 1729 1205 l

381 1234 426 1266 et
456 1221 728 1278 adjutorem,
762 1232 807 1262 et
834 1236 925 1278 quo
955 1217 1141 1274 Cicero,
1173 1222 1303 1262 sicuti
1340 1219 1571 1263 Plutarch.
1601 1221 1652 1265 in

382 1291 475 1334 Cic·
511 1306 562 1348 p·
590 1290 689 1347 870.
729 1288 818 1343 ait,
859 1291 916 1335 τὰ
963 1298 1146 1337 πλεῖστα
1188 1291 1257 1336 καὶ
1310 1290 1494 1344 μέγιστα
1533 1292 1648 1344 παρὰ

378 1361 457 1410 τὰς
492 1361 706 1410 πολιτικὰς
735 1361 891 1417 ’ἐχρῆτο
930 1362 1097 1417 πράξεις
1116 1393 1129 1416 ,
1161 1376 1366 1417 magnam
1394 1358 1513 1402 inter
1547 1359 1644 1402 Ro·-

377 1433 533 1472 manos
576 1440 838 1474 consecutus
888 1442 954 1474 est
997 1431 1192 1474 nominis
1227 1427 1389 1474 famam
1406 1462 1421 1485 ‚
1467 1430 1645 1488 scriptis

380 1499 686 1563 compluribus
706 1489 859 1556 liBris,
893 1517 1086 1561 quorum
1105 1501 1377 1558 fragmenta,
1409 1516 1524 1560 quae
1549 1515 1650 1560 pas-

377 1569 464 1614 sim
497 1570 806 1614 Grammaticis
836 1583 1006 1615 servata
1041 1581 1172 1623 sunt,
1203 1568 1441 1626 diligenter
1473 1568 1647 1625 collegit

376 1638 774 1696 Jan.‚Rutge1-sius
816 1641 924 1687 var.
974 1643 1101 1686 Lect.
1149 1641 1201 1684 L.
1231 1640 1312 1684 111.
1357 1654 1397 1683 c·
1428 1639 1549 1684 XVI.
1595 1635 1646 1696 p.

380 1710 645 1769 246—289.
1307 1767 1310 1771 ἢ
1349 1720 1352 1721 ’

438 1778 583 1835 Hujus
620 1779 790 1839 Nigidii
834 1797 999 1827 nomen
1028 1783 1150 1826 inter
1185 1781 1397 1839 'antiquos
1443 1777 1646 1822 Terentii

379 1850 654 1905 interpretes
690 1851 845 1895 retulit
874 1852 1107 1896 Fabricius
1140 1853 1189 1894 in
1228 1848 1343 1893 Bihl.
1390 1850 1486 1892 Lat.
1529 1849 1585 1890 T.
1609 1848 1645 1891 Ι.

380 1935 428 1978 p.
453 1918 523 1977 49.
558 1919 778 1977 (eumque
816 1921 1016 1977 sequitur
1045 1918 1270 1963 Harlesius
1299 1919 1347 1962 in
1382 1918 1555 1962 Introd.
1586 1911 1643 1960 ad

377 1985 483 2030 Not.
515 1987 607 2031 Lit.
637 1988 766 2032 Rom.
802 1988 903 2035 Vol.
928 1988 987 2035 11.
1004 2005 1064 2047 ,p.
1092 1988 1240 2044 178.),
1273 1989 1351 2047 qui
1386 2004 1525 2046 quum
1550 2003 1642 2028 non

380 2053 518 2099 addat
546 2072 636 2115 qua
668 2058 947 2118 potissimum
984 2056 1242 2101 auctoritate
1281 2055 1329 2100 id
1360 2056 1520 2109 faciat,
1563 2068 1643 2095 nos

382 2128 695 2186 conquiramus
715 2160 728 2182 ,
761 2128 924 2187 quibus
962 2127 1221 2170 testimoniis
1248 2129 1297 2170 in
1338 2142 1433 2170 eam
1462 2123 1643 2180 opinio-

380 2213 484 2241 nem
508 2197 728 2242 adductus
759 2213 852 2241 esse
873 2197 1091 2243 videatur.
1150 2198 1208 2241 Et
1233 2198 1433 2240 Donatus
1459 2192 1640 2253 quidem

378 2267 428 2308 in
470 2268 558 2308 suis
605 2267 661 2309 ad
686 2280 688 2282 ’
709 2269 977 2312 Terentium
1024 2267 1366 2310 Commentariis
1415 2263 1641 2320 aliquoties

377 2332 549 2392 Nigidii
578 2350 739 2379 nomen
769 2338 819 2380 in
850 2347 999 2398 partes
1027 2346 1181 2388 vocat,
1213 2345 1257 2376 et
1279 2332 1440 2376 alicubi
1469 2333 1557 2380 ita.
1586 2343 1638 2374 ut

379 2404 510 2447 facile
534 2405 635 2463 quis
661 2405 870 2458 conjiciat
897 2405 1123 2461 Nigidium
1147 2404 1253 2446 olim
1291 2402 1346 2445 ad
1375 2402 1640 2446 Terentium

381 2472 627 2518 adnotasse.
687 2472 850 2516 Donati
879 2474 1127 2516 testimonia
1158 2472 1266 2518 haec
1294 2482 1424 2516 suntz

1584 2537 1638 2580 ad
