1945 3384
378 261 436 305 66
549 262 683 307 CAP.
710 262 770 308 V.
828 263 907 308 DE
953 263 1168 324 AN‘HQ.
1205 264 1497 313 INTERPR.

755 776 1287 814 cAPurv·

490 961 493 964 ·
540 959 628 1013 nE'
666 951 966 1025 ANrtQffis
1011 951 1499 1013 nvmsspfimmus

746 1055 816 1101 M.
852 1055 1018 1102 Accu
1053 1048 1303 1103 rmum.

443 1276 721 1356 Exposztur'i
753 1288 812 1335 de
849 1291 931 1346 fis,
979 1292 1059 1350 qui
1099 1289 1345 1351 aliquando
1385 1289 1534 1334 Plauti
1572 1301 1654 1334 00-

387 1364 589 1411 moedias
612 1361 793 1420 scriptis
818 1361 1160 1406 Commentariis
1183 1362 1533 1418 illustraverim,
1561 1362 1656 1406 itc—

390 1450 496 1479 rum
536 1447 623 1491 per
667 1430 968 1492 suspicionem
1009 1429 1325 1474 hariolandum
1369 1431 1482 1484 erit,
1531 1430 1657 1489 quod

388 1520 476 1562 per
518 1502 731 1544 disertam
772 1502 990 1546 Veterum
1033 1500 1498 1545 commemorationem
1543 1514 1658 1542 con-

388 1571 565 1616 firmari
597 1568 784 1627 nequit3
830 1569 983 1625 itaque
1022 1579 1068 1611 et
1102 1570 1296 1630 plenisse
1329 1572 1467 1629 opera
1503 1569 1662 1613 nostra

387 1638 598 1685 defuncti
620 1636 906 1687 videbimur,
935 1635 973 1678 si
999 1636 1093 1682 sola
1118 1640 1321 1698 ipsorum
1343 1640 1526 1685 nomina
1551 1654 1652 1683 me·
1716 1684 1718 1689 ,

386 1708 707 1757 moraverimus
722 1738 737 1761 ,
768 1705 848 1764 qui
872 1706 1027 1764 quovis
1059 1706 1150 1751 levi
1172 1707 1346 1751 indicio
1372 1712 1493 1752 inter
1515 1708 1654 1754 Plau-

389 1781 426 1824 ti
468 1780 741 1839 interpretes
783 1773 1059 1820 referuntur.
1116 1777 1185 1820 De
1225 1776 1503 1834 singulorum
1537 1776 1659 1820 enim

391 1857 534 1891 aetate
558 1843 630 1889 vel
659 1842 867 1887 doctrina
900 1844 1027 1902 quis,
1070 1861 1263 1904 quaeso,
1305 1845 1413 1890 velit
1443 1843 1658 1889 audacter

386 1913 627 1968 hariolari,
656 1912 706 1955 in
738 1920 863 1956 tanta
892 1923 1256 1969 argumentorum
1274 1914 1503 1977 penuria?
1560 1914 1658 1958 Ne-

389 2001 481 2046 que
503 1984 625 2027 cnim
663 1981 974 2028 tantummodo
1007 1999 1160 2028 eorum
1183 1983 1384 2030 omnium
1403 1985 1654 2029 'Commen-

390 2053 494 2103 tarii
519 2050 701 2110 penitus
725 2051 1023 2106 interierunt,
1054 2051 1133 2095 sed
1158 2053 1384 2096 rarissima
1404 2061 1510 2095 sunt
1535 2067 1656 2110 quo·

391 2138 482 2184 que
517 2117 713 2173 subinde
744 2121 998 2164 testimonia
1029 2125 1330 2167 recentiorum
1377 2119 1653 2166 Grammati-

392 2208 566 2247 corum,
607 2191 687 2250 qui
729 2190 932 2247 ipsorum
962 2191 1142 2235 nomina
1165 2203 1430 2236 memorant.
1488 2192 1659 2234 Locum

394 2273 545 2307 autem
578 2261 656 2304 hic
679 2260 766 2303 sihi
793 2257 1026 2302 vindicare
1054 2259 1268 2305 videntur
1295 2261 1515 2311 Aruntius
1546 2258 1656 2304 Cel-
1686 2279 1694 2287 κ

394 2348 499 2388 sus,
538 2330 714 2375 Flavius
744 2331 919 2389 Caper,
946 2340 990 2372 et
1021 2330 1075 2373 L.
1106 2330 1324 2376 Sisenna=
1358 2345 1548 2391 quorum
1577 2320 1680 2374 ut?

392 2415 503 2466 pote
541 2401 797 2446 nominibus
830 2398 995 2458 passim
1030 2397 1200 2443 scholia
1233 2399 1291 2444 ad
1334 2399 1550 2445 Plautum·
1586 2399 1658 2442 ci-

395 2482 552 2516 tantur
588 2487 613 2513 a
656 2467 889 2528 Sosipatro
932 2467 1151 2513 Charisio.
1208 2470 1275 2515 De
1312 2468 1665 2529 singulis·igitur

397 2539 613 2600 deinceps
647 2535 933 2601 peculiariter
960 2553 1248 2599 exponemus.

1556 2607 1661 2654 An-
