1945 3384
467 264 1024 320 SAILL'USTII.
1297 285 1393 331 207¹

259 394 261 397 ’
338 413 445 443 rum
473 409 564 455 quo
597 394 731 438 modo·
752 395 973 450 positum
1005 400 1111 447 est,
1132 396 1228 449 pro
1258 392 1397 434 ahu--

341 469 456 529 quin
499 466 747 510 consilium
779 473 884 520 est,
926 479 989 507 an
1016 478 1112 519 pro
1152 463 1386 521 reliquum

341 537 590 580 consilium
618 536 725 578 est?

118 623 167 668 Ρ.
195 605 290 666 187.
343 609 386 653 5.
445 609 666 651 ΟΒἩΑΜ.
689 620 781 663 pro
804 603 985 647 obvius.
1030 600 1225 643 Sallust.
1257 601 1383 646 Hist-

346 677 418 718 ΙΙ.
471 677 551 732 [in
595 675 754 728 fragm
794 690 841 733 p·
871 672 1006 727 9570]
1084 669 1174 713 Ubi
1224 670 1390 728 Asper

338 745 414 786 ait
442 748 634 784 vetuste
681 758 704 785 «
729 739 917 782 obviam
941 738 1132 793 fuere''
1163 743 1389 786 adverbio

341 810 513 867 maluit
540 809 616 849 uti
639 823 781 864 quam
817 808 1020 850 nomiae·

120 898 168 942 Ρ.
201 896 295 940 191.
336 880 407 923 25.
447 877 666 918 PROCUL.
728 877 921 921 Sallust.
953 877 1292 922 Historiarum
1317 880 1392 924 II.

350 950 438 1007 [in
471 947 628 1002 fragm.
668 961 715 1005 Ρ.
739 947 837 1003 957.
855 945 876 1002 ]
935 965 959 992 «
981 946 1114 990 Nam
1132 952 1334 1005 procul·
1341 959 1395 996 et

349 1017 556 1063 diversis
592 1031 646 1057 ex
680 1016 984 1073 regionibus-⁹
991 1018 1004 1038 '
1070 1018 1160 1062 Ubi
1191 1019 1390 1077 Asper,

343 1090 478 1145 Ergo
499 1085 701 1142 procul,
731 1102 756 1126 e
782 1086 879 1128 loeo
910 1097 998 1129 est.

100 1179 175 1222 ⁴p,
204 1176 298 1221 192.
346 1160 417 1205 42.
460 1156 678 1198 Rumon:
723 1166 902 1197 ramo.
958 1155 1219 1207 Sallustius
1265 1156 1394 1199 Hia-

349 1228 582 1272 tor-iarum
613 1224 655 1265 I.
699 1222 785 1279 [in
831 1223 989 1278 fragm.
1032 1239 1079 1283 p.
1103 1226 1240 1282 956.]
1308 1225 1400 1270 Ubi

347 1296 542 1353 Asper,
572 1292 685 1337 Non
720 1300 820 1346 est,
862 1294 1047 1351 inquit,
1087 1308 1280 1346 nomen,
1311 1295 1399 1337 sed

342 1364 656 1415 adverbium,
699 1370 754 1405 ut
793 1364 913 1406 illud
962 1360 1158 1419 [virgil.
1188 1361 1323 1405 Ἀθη.
1356 1364 1395 1409 Ι.

347 1435 482 1491 613.]
553 1450 577 1477 «
598 1447 600 1449 ·
625 1429 887 1487 Obstupuit
928 1433 1096 1489 primo
1160 1433 1395 1490 adspectu

350 1506 549 1549 Sidonia
584 1500 768 1545 Dido.''

125 1575 691 1640 P0192.45.R130EN8.
750 1570 914 1627 Asper
975 1571 1231 1615 Commeat.
1282 1574 1396 1615 Sal-

353 1642 491 1685 lustin·
535 1639 873 1685 Historiarum
899 1640 1093 1698 prim0‚
1138 1655 1260 1683 nunc
1299 1642 1395 1684 ad-

344 1709 586 1762 vet-bium,
613 1725 753 1757 ¹nunc
794 1725 959 1750 nomen
1004 1709 1059 1749 id
1101 1724 1203 1750 ease
1241 1710 1398 1762 dicit,

350 1798 373 1825 «
398 1793 560 1821 recens
602 1778 803 1833 scripsi:
826 1778 855 1800 ’⁹
900 1786 1062 1834 potest
1092 1778 1256 1821 etiam
1293 1796 1396 1824 esse

352 1850 593 1905 temporis.

185 1919 369 1962 Praeter
409 1916 522 1959 haec
552 1916 829 1973 fragmenta,
874 1926 1093 1975 quantum
1124 1918 1217 1962 seio
1235 1950 1249 1973 ,
1278 1919 1397 1964 nihil

132 1988 189 2031 de
223 1986 498 2032 sallustianis
534 1986 873 2030 Commentariis
902 1996 1119 2044 superest.
1179 1988 1305 2044 Quid
1345 1991 1395 2032 in

132 2071 287 2101 eorum
325 2056 513 2100 interitu
569 2055 933 2116 perdiderimus,
980 2054 1267 2113 intelligimus
1286 2090 1299 2112 ,
1355 2060 1395 2102 si

134 2125 462 2171 consideramus
482 2161 495 2184 ‚
545 2143 678 2188 quam
722 2138 824 2185 apte
864 2125 1022 2169 doctae
1064 2127 1395 2172 observationes

134 2198 358 2241 conscribi
409 2199 639 2257 potuerint
687 2195 744 2239 ad
803 2205 1060 2249 auctorem,
1107 2197 1398 2254 antiquorum

131 2266 371 2312 verborum
413 2260 742 2323 affecta'torem‚
784 2267 839 2308 ab
876 2264 1057 2307 homine
1100 2269 1364 2322 praesertim
1381 2299 1397 2321 ,

137 2338 216 2394 qui
243 2347 288 2379 et
311 2336 549 2393 Virgilium
573 2341 661 2394 jam
682 2339 1002 2394 interpretatus
1024 2337 1136 2378 erat.
1186 2335 1396 2381 Eandem

135 2407 394 2464 opinionem
423 2405 480 2448 de
507 2408 682 2466 Aspero
718 2404 890 2449 fovisse
913 2404 1093 2448 videtur
1129 2404 1309 2449 Vossius
1337 2404 1394 2448 de

137 2472 253 2538 Hist-
282 2474 380 2519 Lat·
412 2474 514 2517 L.I.
547 2490 586 2518 c.
612 2476 714 2523 XV.
744 2491 790 2534 p·
815 2475 886 2532 76.
917 2474 996 2517 ubi
1024 2475 1108 2517 ait:
1146 2504 1172 2529 „
1202 2474 1394 2518 Utinam

1312 2561 1397 2587 ve·
